1991 3270
843 241 1178 288 ...43—

199 380 280 424 tris
315 391 585 438 processus,
638 376 773 435 paulo
809 380 1052 434 antequam
1088 373 1132 417 in
1167 386 1368 417 massam
1403 372 1633 418 cineream
1669 372 1817 427 intrat,

199 445 424 491 dividitur.
491 443 618 497 Quae
654 441 798 487 fibrae
837 448 1009 495 tamen,
1058 441 1324 500 priusquam
1369 439 1414 482 in
1456 440 1658 498 singulas
1693 439 1821 484 colli-

199 520 367 572 guntur
402 512 625 565 lamellas,
662 510 705 554 in
737 523 890 554 massa
926 508 1203 567 gelatinosa,
1241 520 1331 566 qua
1366 506 1475 551 sulci
1507 506 1672 552 fundus
1706 506 1823 551 limi-

199 587 338 634 tatur,
379 578 650 638 regulariter
685 576 744 622 ad
780 576 1023 634 digitorum
1059 589 1273 620 manuum
1315 574 1431 617 inter
1471 587 1521 618 se
1562 574 1821 631 junctorum

199 646 532 693 similitudinem
566 646 707 690 altera
747 643 875 688 alteri
914 644 975 688 ita
1012 643 1320 702 implicantur,
1358 646 1407 685 ut
1446 638 1592 685 fibrae
1628 641 1822 686 dextrae

198 715 400 760 lamellas
438 713 658 766 sinistras,
694 712 903 757 sinistrae
940 710 1129 755 dextras
1166 709 1462 754 conforment.
1510 707 1657 752 Parva
1681 707 1822 752 modo

198 781 416 827 fibrarum
450 794 557 840 pars
591 793 683 824 non
715 779 757 823 in
792 778 1091 823 substantiam
1131 776 1359 820 cineream
1396 781 1572 835 partem
1599 775 1822 835 posticam

198 863 363 894 versus
397 854 608 907 penetrat
645 846 727 891 sed
773 845 831 890 ad
868 845 1096 889 anteriora
1133 850 1270 902 atque
1303 843 1533 887 exteriora
1568 842 1613 886 in
1648 842 1823 887 funicu-

199 917 274 962 los
310 915 564 961 anteriores
602 919 816 974 porrecta
861 912 904 956 in
954 912 1043 957 tela
1086 925 1246 956 eorum
1285 910 1575 967 conjunctiva
1622 909 1823 954 intersti-

198 984 300 1037 tiali,
333 996 607 1042 quamquam
644 995 736 1025 non
772 980 816 1023 in
849 979 1051 1024 lamellas
1086 978 1323 1037 regulares
1358 976 1592 1036 disposita,
1632 983 1677 1021 at
1714 976 1822 1022 satis

200 1051 418 1104 conferta,
456 1048 656 1094 decurrit
687 1047 910 1106 brevique
942 1060 968 1090 e
1001 1051 1253 1105 conspectu
1287 1044 1532 1089 evanescit.

340 1117 468 1171 Quae
504 1131 642 1175 quum
676 1116 737 1160 ita
785 1115 893 1168 sint,
944 1128 1026 1173 per
1063 1120 1203 1158 totam
1239 1111 1465 1156 medullae
1503 1110 1689 1170 spinalis
1722 1109 1824 1154 lou-

203 1184 450 1244 gitudinem
495 1184 539 1227 in
590 1183 699 1228 sulci
738 1180 980 1226 anterioris
1016 1180 1155 1225 fundo
1193 1181 1311 1224 telae
1349 1178 1666 1235 conjunctivae
1708 1177 1826 1222 suni-

199 1253 348 1305 culus,
385 1251 645 1304 elementis,
682 1249 846 1309 quibus
879 1249 1168 1301 efformatur,
1205 1248 1323 1291 inter
1355 1260 1405 1291 se
1444 1245 1675 1305 perplexis
1710 1258 1824 1289 con-

205 1319 427 1364 densatus
463 1316 729 1376 solidusque
761 1317 918 1370 factus,
956 1315 1227 1368 extenditur,
1263 1314 1337 1373 qui
1372 1314 1594 1358 funiculus
1620 1313 1717 1372 ipse
1742 1325 1827 1356 ve-

202 1387 281 1432 luti
317 1392 521 1431 centrum
568 1386 611 1428 in
652 1398 813 1429 omnes
856 1382 1081 1428 medullae
1128 1378 1343 1442 regiones
1385 1381 1587 1425 lamellas
1633 1379 1820 1434 dimittit,

199 1453 539 1498 fundamentum
578 1451 766 1505 firmum,
805 1451 928 1510 quod
969 1464 1146 1509 organo
1188 1449 1461 1494 adminiculo
1500 1448 1566 1502 sit,
1604 1445 1820 1492 efficiens.

200 1520 421 1580 Equidem
449 1520 681 1573 rationem,
717 1533 805 1578 qua
834 1519 906 1578 pia
937 1525 1081 1562 mater
1106 1531 1205 1562 cum
1241 1518 1416 1561 interna
1443 1514 1666 1560 medullae
1692 1521 1823 1574 parte

200 1589 467 1642 continetur,
502 1601 603 1632 cum
631 1587 702 1631 illa
736 1586 911 1631 ratione
946 1584 1320 1645 comparaverim,
1360 1597 1478 1642 quae
1505 1582 1821 1628 nonnullarum

200 1655 516 1713 glandularum
544 1654 721 1699 tunicae
748 1653 962 1714 propriae
989 1667 1090 1697 cum
1126 1666 1283 1697 earum
1321 1656 1537 1696 stromate
1570 1648 1821 1694 intercedit.

198 1723 245 1768 In
289 1737 378 1782 qua
421 1721 764 1781 comparatione
817 1721 968 1766 sulcus
1016 1720 1219 1764 anterior
1263 1718 1353 1763 hilo
1402 1716 1701 1777 respondeat,
1739 1730 1823 1776 per

199 1804 334 1849 quem
370 1796 415 1834 et
459 1790 609 1849 ipsum
655 1803 768 1833 vasa
810 1789 1020 1847 telaeque
1067 1787 1385 1844 conjunctivae
1430 1785 1637 1830 lamellae
1686 1789 1823 1843 atque

199 1857 462 1902 trabeculae
496 1858 539 1901 in
575 1862 732 1916 partes
775 1855 1017 1900 interiores
1051 1855 1229 1899 intrant.
1300 1853 1398 1906 His,
1435 1850 1822 1912 quemadmodum

197 1938 257 1969 ex
282 1924 438 1969 verbis
471 1921 523 1969 cli
563 1923 751 1967 Arnold
783 1937 884 1982 pag.
923 1925 983 1968 38
1019 1922 1164 1967 allatis
1199 1927 1334 1981 patet,
1373 1919 1638 1965 observatio
1665 1919 1822 1963 abillo

198 1999 386 2037 auctore
416 1992 509 2049 jam
559 1990 727 2035 dudum
768 1991 945 2049 prolata
984 1988 1281 2034 confirmatur
1329 1987 1613 2047 ampliusque
1649 1985 1824 2031 excoli-

196 2065 280 2113 tur,
317 2074 406 2118 qua
440 2058 626 2118 quidem
662 2058 781 2117 piam
818 2063 1008 2101 matrem
1046 2056 1298 2100 rationibus
1338 2055 1533 2099 maxime
1559 2053 1696 2098 variis
1721 2066 1823 2097 cum

199 2126 454 2171 substantia
494 2126 677 2170 cinerea
727 2124 948 2168 contineri
982 2129 1263 2183 compertum
1307 2127 1390 2166 est.
1460 2121 1639 2180 Itaque,
1684 2134 1823 2179 quum

196 2192 301 2253 piae
332 2192 490 2237 matris
515 2191 661 2236 fibrae
695 2191 996 2249 lamellaeque
1034 2189 1286 2236 arctissime
1320 2203 1421 2233 cum
1453 2202 1608 2232 massa
1645 2187 1824 2232 medul-

196 2260 269 2304 lae
302 2261 515 2305 universa
542 2260 727 2317 junctae
760 2259 859 2312 sint,
896 2258 1143 2302 innumeris
1178 2256 1487 2316 processibus,
1517 2268 1635 2315 quos
1669 2253 1823 2299 dimit-

198 2333 315 2380 tunt,
355 2342 454 2372 cum
490 2328 579 2371 tela
613 2326 787 2371 laxiore
821 2324 1182 2378 confluentibus,
1229 2323 1336 2368 mihi
1370 2322 1553 2383 quidem
1588 2336 1821 2381 nunquam

198 2394 397 2452 contigit,
436 2401 482 2439 ut
517 2394 560 2438 in
596 2393 846 2452 segmentis
882 2393 1095 2437 tenuibus
1131 2392 1229 2436 illas
1260 2404 1526 2451 separarem
1561 2403 1615 2434 ac
1646 2389 1821 2447 disjun-

198 2475 366 2519 gorem.
439 2461 661 2506 Chemiois
715 2461 848 2504 etiam
903 2459 1117 2504 subsidiis
1168 2460 1212 2502 in
1263 2473 1394 2503 usum
1443 2457 1621 2502 vocatis
1674 2455 1820 2501 fibrae

195 2529 312 2574 istae
346 2529 642 2587 lamellaeque
676 2528 811 2586 paulo
846 2527 1023 2580 diutius,
1058 2540 1194 2586 quam
1230 2526 1318 2570 tela
1354 2524 1640 2582 conjunctiva
1678 2523 1819 2567 infor-

195 2596 293 2649 mis,
323 2595 551 2648 resistunt,
573 2595 739 2654 quippe
766 2608 880 2653 quas
906 2593 1083 2639 acidum
1109 2593 1328 2639 aceticum
1348 2591 1555 2651 turgidas
1580 2589 1818 2635 reddendo

196 2676 289 2708 non
328 2668 417 2707 tam
457 2662 666 2706 celeriter
709 2675 846 2721 quam
881 2661 1022 2720 plicas
1058 2667 1323 2719 tractusque
1373 2658 1589 2703 fibrarum
1625 2657 1818 2702 circum-

192 2730 314 2787 J‘ecta
357 2729 499 2774 oculis
546 2728 804 2773 subducere
844 2729 1007 2772 valeat.
1080 2728 1314 2772 Solutione
1354 2738 1467 2770 vero
1502 2725 1588 2768 kali
1630 2724 1818 2770 caustici

195 2811 237 2857 p.
263 2811 299 2841 c.
333 2798 402 2841 40.
437 2796 643 2855 guttatim
678 2796 836 2849 infusa,
874 2795 1002 2839 brevi
1037 2800 1332 2840 evanescunt.

334 2863 521 2909 Etiamsi
556 2862 805 2908 secundum
830 2876 912 2916 ea,
946 2876 1064 2922 quae
1090 2862 1326 2920 hucusque
1351 2858 1660 2920 explicuimus,
1687 2864 1816 2904 certo

197 2930 411 2976 contendi
464 2930 681 2991 potuerit,
728 2943 939 2989 magnam
977 2928 1193 2975 fibrarum
1239 2927 1597 2986 gelatinosarum
1636 2932 1815 2986 partem

196 3002 359 3044 natura
396 3011 567 3045 nervea
602 3011 696 3044 non
732 3011 849 3052 esse,
888 3003 1051 3051 tamen,
1087 2996 1124 3042 si
1159 2994 1341 3056 quidem
1372 2994 1445 3042 vel
1479 2993 1814 3056 descriptiones
