1991 3270
714 214 1050 258 ...33-

79 346 220 391 fibras
266 351 568 399 transversas,
616 346 727 391 alias
780 345 837 391 ad
870 359 1053 390 massae
1089 343 1267 389 albidae
1307 343 1448 389 fibras
1491 344 1689 403 longitu-

77 413 264 468 dinales,
299 412 411 457 alias
443 412 639 472 denique
675 412 734 457 ad
766 412 917 458 varias
964 412 1148 457 cellulas
1194 410 1433 455 referendi.
1514 412 1581 456 De
1618 412 1689 456 ul-

76 480 244 524 teriore
296 486 446 524 autem
498 478 713 524 fibrarum
762 479 960 524 radicum
1019 478 1218 523 decursu
1276 478 1392 522 intra
1447 477 1690 523 medullam

78 547 297 606 spinalem
333 547 442 591 inito
485 546 608 606 quod
644 552 767 591 tanta
813 546 1185 591 observationum
1228 551 1381 590 exstat
1416 544 1687 600 differentia,

74 614 356 658 mirationem
391 627 482 658 non
515 613 728 667 movebit,
763 614 799 658 si
836 612 1128 672 reputaveris,
1164 612 1261 657 illas
1292 612 1335 655 in
1372 617 1534 656 tenues
1563 626 1689 657 mas-

78 694 156 725 sae
195 681 405 725 cinereae
439 678 580 725 fibras
625 680 798 724 directo
838 680 1030 725 transire
1069 678 1267 723 creditas
1310 692 1435 732 esse,
1482 693 1598 738 quas
1633 677 1690 722 fi-

74 747 185 792 bras
209 754 254 791 et
292 748 416 807 ipsas
449 760 507 791 ne
543 761 625 806 per
657 747 878 792 decimam
914 747 1096 807 quidem
1128 745 1334 804 imaginis
1369 751 1543 805 partem
1581 759 1690 805 per-

76 814 203 873 sequi
239 814 382 859 liceat.
461 813 613 867 Adde,
656 813 780 873 quod
826 814 907 858 viri
949 814 1088 867 docti,
1138 827 1269 858 usum
1312 812 1427 858 acidi
1472 812 1690 857 chromici

75 881 328 941 aspernati,
377 880 476 926 axis
515 880 764 940 cylindrum
800 895 881 940 per
909 894 1110 926 massam
1149 879 1375 925 cineream
1413 879 1687 935 tendentem,

75 954 193 993 statu
229 949 402 993 recenti
450 948 632 993 omnino
667 947 903 1007 pallidum,
946 962 1037 992 non
1072 948 1179 992 satis
1221 948 1508 993 manifestum
1544 947 1688 992 oculis

76 1014 300 1072 subjicere
339 1020 593 1074 potuerunt.

207 1081 302 1126 Jam
336 1081 373 1125 si
409 1080 466 1125 ad
511 1081 739 1125 cineream
772 1079 995 1125 medullae
1041 1080 1227 1140 spinalis
1272 1080 1574 1126 substantiam
1619 1080 1690 1126 di-

73 1147 282 1206 ligentius
315 1147 694 1192 considerandam
730 1148 1005 1206 transgressi
1042 1162 1100 1192 ex
1150 1146 1491 1206 indagationum
1517 1162 1691 1194 summa

75 1229 173 1260 curn
201 1228 342 1274 opera
377 1215 629 1274 laboreque
665 1215 966 1259 institutarum
998 1214 1250 1269 eventibus,
1287 1216 1452 1259 acriter
1480 1221 1573 1260 tum
1605 1215 1690 1261 de-

72 1281 214 1326 fensis
253 1287 344 1326 tum
381 1282 663 1342 impugnatis,
697 1295 752 1326 ea
791 1296 924 1341 quam
963 1282 1222 1327 cautissime
1249 1282 1464 1340 colligere
1501 1282 1690 1328 studea-

71 1363 183 1403 mus,
221 1363 351 1408 quae,
392 1364 527 1408 quum
561 1349 729 1408 ubique
767 1356 1013 1403 recurrant,
1055 1350 1265 1394 omnibus
1312 1350 1440 1408 regni
1485 1349 1691 1396 animalis

74 1416 299 1462 classibus
338 1416 593 1461 communia
641 1415 889 1471 habentur,
936 1416 1132 1476 ideoque
1168 1430 1252 1475 pro
1305 1415 1520 1461 scientiae
1560 1417 1690 1476 quasi

75 1483 290 1529 thesauro
320 1483 412 1540 jam
465 1482 684 1542 acquisito
723 1490 955 1542 putantur,
997 1483 1111 1528 haec
1158 1483 1369 1543 quidem,
1418 1498 1489 1528 me
1522 1484 1688 1541 judice,

75 1550 238 1595 talibus
272 1550 424 1595 verbis
469 1549 794 1609 comprehendi
828 1551 1076 1609 potuerint,
1117 1556 1165 1595 ut
1210 1564 1408 1595 massam
1458 1550 1689 1596 cineream

73 1624 164 1663 tum
189 1617 391 1671 *cellulas
442 1623 531 1662 tum
565 1616 706 1662 fibras
754 1619 1000 1676 permultas
1037 1618 1121 1662 sibi
1165 1618 1418 1677 peculiares
1452 1618 1689 1664 continere

72 1684 288 1730 dicamus.
359 1684 523 1729 Fibrae
556 1684 655 1742 ejus
691 1685 902 1744 propriae
940 1699 964 1729 a
1002 1685 1286 1730 substantiae
1334 1684 1514 1730 albidae
1561 1685 1688 1732 fibris

72 1751 258 1797 differre
296 1751 601 1809 perhibentur,
637 1751 818 1796 nomine
852 1750 1068 1797 fibrarum
1104 1752 1384 1797 cinerearum
1418 1753 1688 1812 appellatae.

72 1820 166 1864 Hae
203 1817 398 1863 maxime
435 1818 668 1863 latitudine
708 1832 791 1877 pro
827 1825 926 1863 rata
962 1825 1091 1878 parte
1126 1820 1323 1873 minore,
1374 1834 1493 1879 quae
1538 1826 1689 1865 tamen

71 1893 117 1931 et
151 1886 251 1946 ipsa
285 1884 401 1930 inter
436 1898 652 1930 numeros
687 1885 796 1929 satis
831 1885 947 1930 inter
983 1900 1033 1930 se
1070 1886 1292 1931 distantes
1328 1887 1497 1941 variat,
1532 1888 1689 1932 excel-

70 1953 176 2008 lere,
224 1952 444 2013 lineisque
491 1952 710 1997 extremis
755 1951 1008 2011 duplicibus
1045 1967 1204 1997 carere
1240 1954 1454 1999 feruntur.
1529 1954 1688 1998 Kalli-

70 2020 256 2079 ἦτον-Ἡ)
290 2035 389 2066 -eas
428 2020 471 2063 in
516 2019 710 2064 medulla
748 2019 904 2078 spinali
942 2019 1140 2065 humana
1192 2020 1415 2065 diametro
1450 2021 1689 2075 0,004'‘'—-

72 2085 275 2142 0,0008'
320 2101 430 2133 esse
475 2087 557 2141 ait,
607 2099 767 2130 omnes
823 2092 971 2132 tamen
1021 2087 1121 2132 axis
1167 2087 1421 2147 cylindrum
1467 2102 1688 2148 perquam

70 2156 364 2215 conspicuum
400 2153 658 2208 ostendere,
691 2153 966 2212 omninoque
997 2168 1098 2198 cum
1130 2169 1312 2199 massae
1348 2155 1529 2201 albidae
1559 2155 1687 2202 fibris

72 2235 329 2280 congruere
364 2219 605 2266 affirmans.
686 2218 782 2263 Alia
817 2226 968 2264 tamen
1005 2222 1183 2280 priores
1222 2221 1305 2265 viri
1339 2221 1461 2266 docti
1495 2230 1687 2268 conten-

71 2287 193 2334 dunt.
273 2291 394 2334 Inter
439 2301 556 2346 quos
605 2285 888 2346 Remak22)
942 2287 1075 2331 talem
1129 2287 1483 2347 descriptionem
1529 2304 1686 2336 earum

70 2355 279 2411 exhibet,
328 2361 376 2400 ut
406 2352 534 2398 fibris
570 2353 799 2410 organicis
833 2353 961 2397 nervi
995 2353 1284 2413 sympathici,
1330 2370 1448 2414 quae
1494 2357 1552 2400 ab
1584 2358 1685 2416 ipso

70 2436 237 2467 nomen
270 2426 526 2473 traxerunt,
584 2419 748 2464 similes
786 2433 892 2464 esse
934 2427 1122 2465 asserat.
1206 2421 1316 2465 Huic
1353 2428 1398 2466 et
1431 2422 1685 2485 Henle23)

72 2488 374 2550 adstipulatus
422 2487 625 2545 utrisque
673 2499 841 2530 nomen
888 2485 1104 2532 fibrarum
1147 2488 1502 2545 gelatinosarum
1537 2490 1686 2551 impo-

71 2556 270 2602 nendum
305 2568 411 2602 esse
436 2553 619 2612 judicat.
697 2552 859 2598 Similis
905 2560 976 2598 est
1022 2555 1072 2598 cl.
1115 2554 1306 2613 Stilliny
1327 2554 1409 2616 24)
1455 2562 1500 2601 et
1547 2557 1686 2601 Wal-

72 2623 177 2667 lach
214 2622 448 2676 sententia,
480 2620 555 2681 qui
590 2618 772 2679 quidem
804 2618 956 2675 fibras,
993 2619 1051 2666 de
1083 2621 1247 2681 quibus
1280 2622 1468 2681 agimus,
1501 2624 1684 2671 tubulos

163 2794 228 2841 2'1)
275 2804 458 2833 Handbuch
483 2805 539 2833 der
564 2800 762 2839 mikroskop.
790 2803 890 2833 Anat.
939 2803 1014 2834 Vol.
1043 2805 1084 2834 11.
1134 2812 1210 2841 pag.
1239 2800 1317 2835 417.

162 2857 229 2901 22)
281 2861 455 2890 observat.
483 2862 522 2890 de
546 2864 635 2897 syst.
666 2866 799 2891 nervos.
828 2862 1007 2892 structura.
1059 2859 1204 2894 Berolini
1231 2858 1333 2904 1838,
1362 2859 1477 2894 multis
1503 2859 1601 2896 iocis.

162 2913 228 2953 23)
274 2914 470 2954 Mikroskop.
497 2915 683 2949 Anatomie.
731 2924 808 2955 pag.
837 2912 916 2948 ⁶37.

165 2970 233 3015 24)
281 2975 307 3005 1.
338 2982 368 3005 c.
391 2977 484 3013 parte
505 2976 534 3006 1.
577 2981 655 3015 pag.
682 2970 716 3007 6.

1322 3040 1343 3073 3
