1936 3281
700 223 1036 268 -43-

485 376 541 416 3.
574 374 944 419 substantia
978 375 1256 419 cinerea·

225 476 366 522 Aliam
425 477 610 522 omnine
668 479 867 537 speeiem
927 478 1180 523 substantia
1242 479 1422 524 cinerea
1471 478 1674 538 praebet.

58 545 334 604 Praeparate
382 544 501 589 enim
549 544 594 588 in
631 544 761 589 aeide
809 544 1040 589 ehremiee
1086 553 1348 599 asservato,
1399 546 1554 591 colore
1601 553 1678 592 aut

60 611 275 658 subviridi
322 618 398 656 aut
440 611 656 656 subfusco
715 612 849 656 tincta
896 618 1107 671 apparet,
1170 612 1365 670 imagine
1413 612 1560 658 minus
1607 612 1678 658 di-

58 679 248 733 stincta,
309 678 485 738 lucique
545 678 587 722 in
650 678 861 731 omnibus
916 678 1123 738 partibus
1186 680 1280 724 fere
1344 679 1512 738 pariter
1569 693 1677 739 per-

55 748 140 791 via.
222 745 290 791 Ad
341 745 439 803 ejus
500 746 723 803 segmenti
782 745 1032 791 transversi
1089 744 1278 804 figuram
1329 746 1453 805 qued
1506 747 1675 801 attinet,

55 827 161 873 pars
196 813 344 858 media
377 819 570 870 angusta
605 813 860 858 animalium
896 813 1180 872 superiorum
1207 813 1415 858 ordinum
1450 813 1677 859 medullae

56 880 317 940 peculiaris,
368 893 485 939 quae
530 886 684 938 partes
732 881 943 925 laterales
986 882 1119 924 lunae
1171 880 1432 926 dimidiatae
1485 882 1678 926 formam

54 949 306 992 referentes
342 946 597 1004 conjungit,
647 947 690 989 in
728 962 835 991 rana
883 949 1067 991 omnine
1104 947 1248 992 deest.
1333 948 1379 992 In
1426 948 1512 993 hoe
1557 949 1676 993 enim

55 1014 233 1059 animali
271 1028 378 1073 pars
410 1012 558 1058 media
594 1013 741 1057 minus
781 1014 1001 1058 recedens
1036 1016 1186 1072 petius
1226 1021 1366 1059 tetam
1400 1015 1677 1060 latitudinem

52 1081 158 1127 inde
198 1095 222 1125 a
256 1081 365 1125 sulci
405 1079 646 1124 anterioris
680 1079 819 1124 funde
857 1095 1000 1139 usque
1037 1079 1095 1125 ad
1131 1082 1239 1126 sulei
1274 1081 1542 1141 posterioris
1572 1083 1675 1127 sun-

53 1147 158 1193 dum
196 1153 330 1193 tenet.
399 1148 579 1191 Cenum
631 1161 814 1201 versus,
854 1162 938 1191 nee
986 1161 1075 1192 non
1126 1148 1166 1192 in
1211 1148 1535 1207 angustissima
1576 1164 1674 1195 me—

52 1214 200 1260 dullae
244 1214 429 1274 spinalis
478 1220 626 1273 parte,
666 1229 784 1273 quae
833 1215 948 1259 inter
993 1229 1162 1259 nervos
1210 1216 1410 1275 spinales
1464 1222 1674 1276 quartum

52 1282 346 1341 quintumque
383 1280 529 1340 posita
566 1289 648 1335 est,
685 1285 826 1326 forma
866 1296 1010 1342 prope
1048 1282 1105 1327 ad
1143 1282 1269 1327 erbis
1304 1284 1502 1343 speeiem
1538 1298 1673 1329 acce-

51 1348 125 1403 dit,
160 1348 268 1394 dun]
302 1349 342 1392 in
376 1349 743 1401 intumesoentiis,
782 1350 1048 1408 praesertim
1078 1350 1117 1392 in
1147 1350 1396 1409 superiore,
1436 1351 1672 1410 portiones

50 1417 304 1461 anteriores
342 1416 636 1475 posticaequo
675 1417 901 1476 paululum
941 1417 1218 1477 prominent,
1267 1418 1552 1477 portionibus
1588 1433 1671 1464 an-

52 1483 149 1528 tieis
195 1484 321 1529 simul
370 1490 545 1543 partem
584 1491 819 1528 externam
864 1500 1025 1530 xersus
1080 1485 1313 1542 proiectis,
1364 1500 1454 1545 quo
1491 1484 1567 1539 fit,
1624 1493 1671 1531 ut

49 1551 196 1595 forma
241 1564 383 1610 prope
435 1557 645 1609 trapezae
698 1551 863 1596 tinibus
910 1552 1272 1611 prominentibus
1322 1552 1669 1613 retundatisque

48 1618 295 1663 instructae
328 1617 658 1662 similitudinem
699 1619 865 1663 referat
901 1618 1009 1679 (vid.
1038 1618 1126 1663 tab.
1154 1618 1226 1676 fig.
1262 1619 1320 1680 l).
1392 1621 1439 1664 In
1472 1619 1670 1666 medulla

50 1685 310 1743 oblongata,
348 1684 553 1730 funiculis
588 1685 922 1745 posterioribus
966 1686 1246 1731 substantiae
1296 1687 1428 1732 albae
1467 1688 1584 1732 inter
1618 1702 1669 1733 se

49 1751 411 1805 discedentibus,
456 1752 589 1797 etiam
622 1752 874 1797 substantia
908 1754 1090 1798 cinerea
1123 1754 1264 1798 latera
1298 1768 1463 1800 versus
1502 1761 1666 1800 exten-

49 1818 189 1874 ditur,
232 1818 509 1878 fundumque
558 1820 792 1864 ventriculi
842 1820 988 1879 quarti
1037 1820 1289 1865 effOrmans
1341 1820 1520 1881 patinae
1558 1835 1667 1882 spe-

48 1885 161 1932 eiem
194 1885 346 1932 induit.

474 2015 528 2052 a.
573 1999 939 2053 canaliculus
972 2001 1271 2055 centralis,

181 2106 294 2151 Fere
332 2105 529 2152 mediam
566 2107 849 2154 substantiae
884 2109 1094 2154 cinereae
1130 2115 1304 2169 partem
1331 2110 1544 2156 obtinens
1583 2125 1663 2156 ea-

47 2172 223 2217 nalieuli
274 2174 486 2219 centralis
534 2174 683 2219 lumen
737 2190 819 2235 per
875 2182 1013 2221 totam
1057 2176 1281 2222 medullae
1338 2177 1665 2235 longitudinem

46 2253 192 2299 usque
227 2240 269 2284 in
306 2239 428 2286 filum
461 2242 693 2286 terminale
744 2249 1004 2301 perrectum
1038 2243 1247 2288 cernitur.
1332 2244 1464 2297 Quod
1514 2245 1664 2291 lumen

47 2307 90 2350 in
125 2305 200 2352 filo
236 2308 493 2366 angustius,
542 2310 776 2367 formaque
810 2309 1012 2353 circulari
1048 2310 1324 2369 praeditum,
1371 2319 1548 2370 partem
1586 2328 1664 2358 su-

45 2374 272 2432 periorem
304 2389 468 2419 versus
505 2375 923 2436 magis-magisque
954 2376 1188 2430 dilatatur,
1240 2392 1329 2437 qua
1381 2378 1426 2422 in
1466 2393 1514 2423 re
1554 2394 1663 2439 spe-

46 2439 140 2486 eies
177 2441 453 2495 orbicularis,
491 2443 703 2501 paulatim
730 2443 772 2486 in
799 2449 981 2488 evatain
1006 2450 1185 2497 mutata,
1228 2444 1425 2503 denique
1460 2445 1660 2505 oblonga

47 2522 100 2553 ae
134 2508 378 2553 fusisormis
412 2509 611 2563 exsistit,
661 2508 884 2555 diametro
936 2511 1247 2569 longitudInali
1286 2525 1310 2556 a
1354 2518 1483 2571 parte
1515 2514 1662 2558 antica

45 2575 104 2620 ad
141 2576 441 2636 posteriorem
478 2589 717 2622 conversa.
788 2577 834 2621 In
870 2575 946 2622 file
980 2579 1200 2623 terminali
1234 2579 1384 2623 lumen
1418 2579 1566 2638 magis
1602 2580 1663 2626 ad

45 2649 220 2703 partem
270 2643 544 2688 anteriorem
603 2650 800 2703 spectat,
859 2645 954 2689 fere
1004 2645 1209 2705 proxime
1267 2652 1372 2705 pest
1412 2646 1501 2692 ima
1551 2647 1662 2692 sulci

45 2709 307 2765 anterioris,
351 2710 439 2755 hae
477 2710 519 2755 in
555 2716 684 2771 parte
720 2725 878 2771 parum
910 2712 1145 2772 profundi,
1194 2713 1391 2772 pesitum
1425 2712 1536 2774 (vid.
1568 2715 1659 2760 tab.

45 2775 119 2835 fig.
153 2775 217 2837 2),
252 2776 358 2823 dum
400 2784 577 2837 partem
623 2779 905 2838 superiorem
935 2793 1099 2825 versus
1154 2781 1341 2839 propius
1373 2779 1432 2825 ad
1461 2780 1661 2827 medium

48 2843 326 2890 admovetur.
396 2846 595 2900 Lumen,
629 2846 690 2891 uti
727 2846 841 2891 ultra
874 2860 1064 2892 nervum
1099 2847 1319 2907 spinalem
1352 2847 1544 2908 primum
1577 2862 1658 2894 us-

48 2924 136 2971 que
167 2911 253 2956 fusi
295 2912 485 2957 formam
529 2913 742 2973 praebet,
796 2913 856 2958 ita
897 2919 1060 2974 postea
1105 2914 1319 2974 paulatim
1349 2920 1572 2970 mutatur,
1613 2915 1659 2962 id

48 2976 173 3040 quod
202 2991 311 3028 mox
341 2978 388 3028 in
419 2980 715 3030 ventriculum
746 2986 957 3046 quartum
986 2982 1191 3031 canalem
1223 2981 1517 3032 transiturum
1550 2995 1659 3031 esse
