<?xml version="1.0" encoding="UTF-8"?>
<!DOCTYPE html PUBLIC "-//W3C//DTD XHTML 1.0 Transitional//EN"
    "http://www.w3.org/TR/xhtml1/DTD/xhtml1-transitional.dtd">
<html xmlns="http://www.w3.org/1999/xhtml" xml:lang="en" lang="en">
 <head>
  <title>
</title>
<meta http-equiv="Content-Type" content="text/html;charset=utf-8" />
  <meta name='ocr-system' content='tesseract 3.04.00' />
  <meta name='ocr-capabilities' content='ocr_page ocr_carea ocr_par ocr_line ocrx_word'/>
</head>
<body>
  <div class='ocr_page' id='page_1' title='image "./demedullaespinal00kupf_0044.png"; bbox 0 0 1991 3270; ppageno 0'>
   <div class='ocr_carea' id='block_1_1' title="bbox 852 196 1187 247">
    <p class='ocr_par' dir='ltr' id='par_1_1' title="bbox 852 196 1187 247">
     <span class='ocr_line' id='line_1_1' title="bbox 852 196 1187 247; baseline -0.006 -14"><span class='ocrx_word' id='word_1_1' title='bbox 852 196 1187 247; x_wconf 65' lang='lat'>...33-</span> 
     </span>
    </p>
   </div>
   <div class='ocr_carea' id='block_1_2' title="bbox 195 325 1834 2815">
    <p class='ocr_par' dir='ltr' id='par_1_2' title="bbox 195 325 1834 2815">
     <span class='ocr_line' id='line_1_2' title="bbox 345 325 1830 388; baseline 0 -13"><span class='ocrx_word' id='word_1_2' title='bbox 345 327 478 384; x_wconf 80' lang='lat' dir='ltr'>Q&#39;uod</span> <span class='ocrx_word' id='word_1_3' title='bbox 518 342 667 388; x_wconf 87' lang='lat' dir='ltr'>paene</span> <span class='ocrx_word' id='word_1_4' title='bbox 700 327 964 374; x_wconf 76' lang='lat' dir='ltr'>incredibile</span> <span class='ocrx_word' id='word_1_5' title='bbox 999 333 1080 382; x_wconf 89' lang='lat' dir='ltr'>est,</span> <span class='ocrx_word' id='word_1_6' title='bbox 1117 328 1162 376; x_wconf 82' lang='lat' dir='ltr'>in</span> <span class='ocrx_word' id='word_1_7' title='bbox 1195 325 1378 376; x_wconf 86' lang='lat' dir='ltr'>duobus</span> <span class='ocrx_word' id='word_1_8' title='bbox 1410 329 1605 377; x_wconf 78' lang='lat' dir='ltr'>maxime</span> <span class='ocrx_word' id='word_1_9' title='bbox 1630 329 1830 388; x_wconf 78' lang='lat' dir='ltr'>egregiis</span> 
     </span>
     <span class='ocr_line' id='line_1_3' title="bbox 206 393 1830 456; baseline 0.001 -15"><span class='ocrx_word' id='word_1_10' title='bbox 206 396 445 456; x_wconf 83' lang='lat' dir='ltr'>operibus,</span> <span class='ocrx_word' id='word_1_11' title='bbox 492 410 610 455; x_wconf 89' lang='lat' dir='ltr'>quae</span> <span class='ocrx_word' id='word_1_12' title='bbox 645 395 733 440; x_wconf 90' lang='lat' dir='ltr'>hac</span> <span class='ocrx_word' id='word_1_13' title='bbox 775 400 935 441; x_wconf 86' lang='lat' dir='ltr'>nostra</span> <span class='ocrx_word' id='word_1_14' title='bbox 971 401 1120 440; x_wconf 88' lang='lat' dir='ltr'>aetate</span> <span class='ocrx_word' id='word_1_15' title='bbox 1160 393 1218 439; x_wconf 90' lang='lat' dir='ltr'>de</span> <span class='ocrx_word' id='word_1_16' title='bbox 1263 394 1507 454; x_wconf 76' lang='lat' dir='ltr'>histologia</span> <span class='ocrx_word' id='word_1_17' title='bbox 1555 402 1660 442; x_wconf 85' lang='lat' dir='ltr'>sunt</span> <span class='ocrx_word' id='word_1_18' title='bbox 1697 397 1830 452; x_wconf 85' lang='lat' dir='ltr'>edita,</span> 
     </span>
     <span class='ocr_line' id='line_1_4' title="bbox 206 460 1831 522; baseline 0 -13"><span class='ocrx_word' id='word_1_19' title='bbox 206 478 234 509; x_wconf 91' lang='lat' dir='ltr'>a</span> <span class='ocrx_word' id='word_1_20' title='bbox 263 460 330 509; x_wconf 83' lang='lat' dir='ltr'>clis</span> <span class='ocrx_word' id='word_1_21' title='bbox 355 464 507 508; x_wconf 78' lang='lat' dir='ltr'>Henle</span> <span class='ocrx_word' id='word_1_22' title='bbox 541 469 587 507; x_wconf 90' lang='lat' dir='ltr'>et</span> <span class='ocrx_word' id='word_1_23' title='bbox 620 462 865 506; x_wconf 71' lang='lat' dir='ltr'>Koellilcer</span> <span class='ocrx_word' id='word_1_24' title='bbox 896 461 1098 509; x_wconf 86' lang='lat' dir='ltr'>exaratis</span> <span class='ocrx_word' id='word_1_25' title='bbox 1138 461 1257 522; x_wconf 82' lang='lat' dir='ltr'>piam</span> <span class='ocrx_word' id='word_1_26' title='bbox 1289 469 1481 507; x_wconf 86' lang='lat' dir='ltr'>matrem</span> <span class='ocrx_word' id='word_1_27' title='bbox 1511 463 1555 508; x_wconf 92' lang='lat' dir='ltr'>in</span> <span class='ocrx_word' id='word_1_28' title='bbox 1586 464 1831 512; x_wconf 84' lang='lat' dir='ltr'>medullam</span> 
     </span>
     <span class='ocr_line' id='line_1_5' title="bbox 206 531 1832 591; baseline 0.001 -15"><span class='ocrx_word' id='word_1_29' title='bbox 206 531 427 591; x_wconf 88' lang='lat' dir='ltr'>spinalem</span> <span class='ocrx_word' id='word_1_30' title='bbox 452 531 622 575; x_wconf 84' lang='lat' dir='ltr'>intrare</span> <span class='ocrx_word' id='word_1_31' title='bbox 654 544 845 590; x_wconf 89' lang='lat' dir='ltr'>prorsus</span> <span class='ocrx_word' id='word_1_32' title='bbox 877 544 969 574; x_wconf 89' lang='lat' dir='ltr'>non</span> <span class='ocrx_word' id='word_1_33' title='bbox 996 535 1400 583; x_wconf 84' lang='lat' dir='ltr'>commemoratur3</span> <span class='ocrx_word' id='word_1_34' title='bbox 1435 544 1553 589; x_wconf 84' lang='lat' dir='ltr'>quae</span> <span class='ocrx_word' id='word_1_35' title='bbox 1579 546 1654 577; x_wconf 91' lang='lat' dir='ltr'>res</span> <span class='ocrx_word' id='word_1_36' title='bbox 1679 538 1832 582; x_wconf 87' lang='lat' dir='ltr'>tamen</span> 
     </span>
     <span class='ocr_line' id='line_1_6' title="bbox 206 595 1831 658; baseline 0 -14"><span class='ocrx_word' id='word_1_37' title='bbox 206 599 264 644; x_wconf 81' lang='lat' dir='ltr'>ab</span> <span class='ocrx_word' id='word_1_38' title='bbox 299 599 349 644; x_wconf 89' lang='lat' dir='ltr'>cl.</span> <span class='ocrx_word' id='word_1_39' title='bbox 375 599 564 644; x_wconf 77' lang='lat' dir='ltr'>Arnolcl</span> <span class='ocrx_word' id='word_1_40' title='bbox 584 595 667 658; x_wconf 84' lang='grc'>33)</span> <span class='ocrx_word' id='word_1_41' title='bbox 697 598 791 655; x_wconf 72' lang='lat' dir='ltr'>Jam</span> <span class='ocrx_word' id='word_1_42' title='bbox 825 597 1033 655; x_wconf 79' lang='lat' dir='ltr'>longiore</span> <span class='ocrx_word' id='word_1_43' title='bbox 1066 596 1231 642; x_wconf 82' lang='lat' dir='ltr'>abhinc</span> <span class='ocrx_word' id='word_1_44' title='bbox 1266 603 1473 657; x_wconf 89' lang='lat' dir='ltr'>tempore</span> <span class='ocrx_word' id='word_1_45' title='bbox 1505 602 1551 642; x_wconf 89' lang='lat' dir='ltr'>et</span> <span class='ocrx_word' id='word_1_46' title='bbox 1582 598 1831 652; x_wconf 83' lang='lat' dir='ltr'>observata</span> 
     </span>
     <span class='ocr_line' id='line_1_7' title="bbox 204 664 1832 725; baseline 0 -14"><span class='ocrx_word' id='word_1_47' title='bbox 204 671 251 711; x_wconf 89' lang='lat' dir='ltr'>et</span> <span class='ocrx_word' id='word_1_48' title='bbox 275 666 440 711; x_wconf 82' lang='lat' dir='ltr'>eximie</span> <span class='ocrx_word' id='word_1_49' title='bbox 474 665 707 725; x_wconf 88' lang='lat' dir='ltr'>descripta</span> <span class='ocrx_word' id='word_1_50' title='bbox 743 665 833 710; x_wconf 86' lang='lat' dir='ltr'>suit.</span> <span class='ocrx_word' id='word_1_51' title='bbox 888 664 1029 722; x_wconf 87' lang='lat' dir='ltr'>Hujus</span> <span class='ocrx_word' id='word_1_52' title='bbox 1065 670 1215 709; x_wconf 85' lang='lat' dir='ltr'>autem</span> <span class='ocrx_word' id='word_1_53' title='bbox 1248 665 1448 712; x_wconf 76' lang='lat' dir='ltr'>anatomi</span> <span class='ocrx_word' id='word_1_54' title='bbox 1481 665 1832 724; x_wconf 75' lang='lat' dir='ltr'>praeclarissimi</span> 
     </span>
     <span class='ocr_line' id='line_1_8' title="bbox 206 731 1832 792; baseline 0.001 -14"><span class='ocrx_word' id='word_1_55' title='bbox 206 733 483 788; x_wconf 82' lang='lat' dir='ltr'>observatio,</span> <span class='ocrx_word' id='word_1_56' title='bbox 522 732 582 778; x_wconf 89' lang='lat' dir='ltr'>ad</span> <span class='ocrx_word' id='word_1_57' title='bbox 615 746 751 792; x_wconf 84' lang='lat' dir='ltr'>quam</span> <span class='ocrx_word' id='word_1_58' title='bbox 790 731 971 791; x_wconf 82' lang='lat' dir='ltr'>quidem</span> <span class='ocrx_word' id='word_1_59' title='bbox 1004 732 1103 791; x_wconf 89' lang='lat' dir='ltr'>ipse</span> <span class='ocrx_word' id='word_1_60' title='bbox 1137 732 1337 777; x_wconf 85' lang='lat' dir='ltr'>virorum</span> <span class='ocrx_word' id='word_1_61' title='bbox 1376 732 1616 778; x_wconf 83' lang='lat' dir='ltr'>doctorum</span> <span class='ocrx_word' id='word_1_62' title='bbox 1655 733 1832 779; x_wconf 89' lang='lat' dir='ltr'>animos</span> 
     </span>
     <span class='ocr_line' id='line_1_9' title="bbox 204 798 1832 860; baseline 0.001 -15"><span class='ocrx_word' id='word_1_63' title='bbox 204 807 477 847; x_wconf 88' lang='lat' dir='ltr'>convertere</span> <span class='ocrx_word' id='word_1_64' title='bbox 523 799 696 854; x_wconf 79' lang='lat' dir='ltr'>studet,</span> <span class='ocrx_word' id='word_1_65' title='bbox 752 814 888 859; x_wconf 87' lang='lat' dir='ltr'>quum</span> <span class='ocrx_word' id='word_1_66' title='bbox 925 813 949 844; x_wconf 93' lang='lat' dir='ltr'>a</span> <span class='ocrx_word' id='word_1_67' title='bbox 994 798 1330 859; x_wconf 78' lang='lat' dir='ltr'>posterioribus</span> <span class='ocrx_word' id='word_1_68' title='bbox 1367 799 1538 845; x_wconf 89' lang='lat' dir='ltr'>omissa</span> <span class='ocrx_word' id='word_1_69' title='bbox 1576 806 1719 860; x_wconf 51' lang='lat' dir='ltr'>astque„</span> <span class='ocrx_word' id='word_1_70' title='bbox 1747 815 1832 847; x_wconf 89' lang='lat' dir='ltr'>ne-</span> 
     </span>
     <span class='ocr_line' id='line_1_10' title="bbox 203 866 1832 927; baseline 0 -15"><span class='ocrx_word' id='word_1_71' title='bbox 203 869 352 927; x_wconf 81' lang='lat' dir='ltr'>glecta</span> <span class='ocrx_word' id='word_1_72' title='bbox 390 867 534 923; x_wconf 80' lang='lat' dir='ltr'>fuerit,</span> <span class='ocrx_word' id='word_1_73' title='bbox 574 881 699 921; x_wconf 89' lang='lat' dir='ltr'>sane,</span> <span class='ocrx_word' id='word_1_74' title='bbox 732 866 1119 926; x_wconf 86' lang='lat' dir='ltr'>quemadmodum</span> <span class='ocrx_word' id='word_1_75' title='bbox 1153 866 1197 910; x_wconf 90' lang='lat' dir='ltr'>in</span> <span class='ocrx_word' id='word_1_76' title='bbox 1232 867 1670 927; x_wconf 83' lang='lat' dir='ltr'>pervestigationum</span> <span class='ocrx_word' id='word_1_77' title='bbox 1702 882 1832 914; x_wconf 56' lang='lat' dir='ltr'>mea-2</span> 
     </span>
     <span class='ocr_line' id='line_1_11' title="bbox 202 933 1833 993; baseline 0 -12"><span class='ocrx_word' id='word_1_78' title='bbox 202 950 300 981; x_wconf 89' lang='lat' dir='ltr'>rum</span> <span class='ocrx_word' id='word_1_79' title='bbox 357 935 555 981; x_wconf 81' lang='lat' dir='ltr'>decursu</span> <span class='ocrx_word' id='word_1_80' title='bbox 598 934 817 989; x_wconf 75' lang='lat' dir='ltr'>intellexi,</span> <span class='ocrx_word' id='word_1_81' title='bbox 876 934 978 979; x_wconf 89' lang='lat' dir='ltr'>huic</span> <span class='ocrx_word' id='word_1_82' title='bbox 1029 933 1226 979; x_wconf 82' lang='lat' dir='ltr'>maxime</span> <span class='ocrx_word' id='word_1_83' title='bbox 1278 935 1551 993; x_wconf 76' lang='lat' dir='ltr'>neglectioni</span> <span class='ocrx_word' id='word_1_84' title='bbox 1607 935 1716 981; x_wconf 75' lang='lat' dir='ltr'>vitio</span> <span class='ocrx_word' id='word_1_85' title='bbox 1761 941 1833 981; x_wconf 83' lang='lat' dir='ltr'>est</span> 
     </span>
     <span class='ocr_line' id='line_1_12' title="bbox 201 1001 1831 1063; baseline 0 -15"><span class='ocrx_word' id='word_1_86' title='bbox 201 1003 486 1057; x_wconf 85' lang='lat' dir='ltr'>vertendum,</span> <span class='ocrx_word' id='word_1_87' title='bbox 523 1002 648 1063; x_wconf 89' lang='lat' dir='ltr'>quod</span> <span class='ocrx_word' id='word_1_88' title='bbox 683 1003 797 1048; x_wconf 87' lang='lat' dir='ltr'>salsa</span> <span class='ocrx_word' id='word_1_89' title='bbox 840 1002 926 1048; x_wconf 89' lang='lat' dir='ltr'>ista</span> <span class='ocrx_word' id='word_1_90' title='bbox 960 1008 1097 1061; x_wconf 86' lang='lat' dir='ltr'>atque</span> <span class='ocrx_word' id='word_1_91' title='bbox 1133 1001 1279 1048; x_wconf 89' lang='lat' dir='ltr'>inanis</span> <span class='ocrx_word' id='word_1_92' title='bbox 1315 1002 1468 1062; x_wconf 87' lang='lat' dir='ltr'>opinio</span> <span class='ocrx_word' id='word_1_93' title='bbox 1505 1001 1563 1048; x_wconf 93' lang='lat' dir='ltr'>de</span> <span class='ocrx_word' id='word_1_94' title='bbox 1601 1002 1831 1051; x_wconf 75' lang='lat' dir='ltr'>anteriore</span> 
     </span>
     <span class='ocr_line' id='line_1_13' title="bbox 202 1069 1834 1129; baseline -0.002 -12"><span class='ocrx_word' id='word_1_95' title='bbox 202 1072 501 1117; x_wconf 87' lang='lat' dir='ltr'>commissura</span> <span class='ocrx_word' id='word_1_96' title='bbox 540 1071 665 1125; x_wconf 88' lang='lat' dir='ltr'>alba,</span> <span class='ocrx_word' id='word_1_97' title='bbox 716 1083 833 1129; x_wconf 88' lang='lat' dir='ltr'>quae</span> <span class='ocrx_word' id='word_1_98' title='bbox 871 1069 1051 1124; x_wconf 85' lang='lat' dir='ltr'>dicitur,</span> <span class='ocrx_word' id='word_1_99' title='bbox 1101 1070 1278 1129; x_wconf 86' lang='lat' dir='ltr'>prolata</span> <span class='ocrx_word' id='word_1_100' title='bbox 1314 1070 1403 1116; x_wconf 82' lang='lat' dir='ltr'>suit.</span> <span class='ocrx_word' id='word_1_101' title='bbox 1473 1070 1608 1116; x_wconf 87' lang='lat' dir='ltr'>Teste</span> <span class='ocrx_word' id='word_1_102' title='bbox 1644 1070 1834 1120; x_wconf 46' lang='lat' dir='ltr'>Amol&amp;</span> 
     </span>
     <span class='ocr_line' id='line_1_14' title="bbox 200 1136 1831 1198; baseline 0 -16"><span class='ocrx_word' id='word_1_103' title='bbox 200 1139 276 1198; x_wconf 88' lang='lat' dir='ltr'>pia</span> <span class='ocrx_word' id='word_1_104' title='bbox 318 1144 464 1184; x_wconf 87' lang='lat' dir='ltr'>mater</span> <span class='ocrx_word' id='word_1_105' title='bbox 507 1153 589 1198; x_wconf 88' lang='lat' dir='ltr'>per</span> <span class='ocrx_word' id='word_1_106' title='bbox 634 1143 776 1182; x_wconf 83' lang='lat' dir='ltr'>totam</span> <span class='ocrx_word' id='word_1_107' title='bbox 812 1136 1036 1183; x_wconf 85' lang='lat' dir='ltr'>medullae</span> <span class='ocrx_word' id='word_1_108' title='bbox 1075 1137 1261 1197; x_wconf 87' lang='lat' dir='ltr'>spinalis</span> <span class='ocrx_word' id='word_1_109' title='bbox 1294 1136 1623 1195; x_wconf 75' lang='lat' dir='ltr'>longitudinem</span> <span class='ocrx_word' id='word_1_110' title='bbox 1659 1138 1831 1198; x_wconf 84' lang='lat' dir='ltr'>simpli-</span> 
     </span>
     <span class='ocr_line' id='line_1_15' title="bbox 202 1204 1831 1266; baseline -0.001 -15"><span class='ocrx_word' id='word_1_111' title='bbox 202 1219 301 1251; x_wconf 85' lang='lat' dir='ltr'>cem</span> <span class='ocrx_word' id='word_1_112' title='bbox 339 1220 608 1266; x_wconf 87' lang='lat' dir='ltr'>processum</span> <span class='ocrx_word' id='word_1_113' title='bbox 646 1204 705 1250; x_wconf 92' lang='lat' dir='ltr'>ad</span> <span class='ocrx_word' id='word_1_114' title='bbox 741 1210 917 1265; x_wconf 84' lang='lat' dir='ltr'>partem</span> <span class='ocrx_word' id='word_1_115' title='bbox 954 1204 1175 1264; x_wconf 84' lang='lat' dir='ltr'>posticam</span> <span class='ocrx_word' id='word_1_116' title='bbox 1222 1205 1539 1264; x_wconf 89' lang='lat' dir='ltr'>internamque</span> <span class='ocrx_word' id='word_1_117' title='bbox 1575 1206 1619 1250; x_wconf 92' lang='lat' dir='ltr'>in</span> <span class='ocrx_word' id='word_1_118' title='bbox 1657 1205 1831 1255; x_wconf 87' lang='lat' dir='ltr'>sulcum</span> 
     </span>
     <span class='ocr_line' id='line_1_16' title="bbox 201 1271 1831 1332; baseline 0 -14"><span class='ocrx_word' id='word_1_119' title='bbox 201 1273 478 1319; x_wconf 87' lang='lat' dir='ltr'>anteriorem</span> <span class='ocrx_word' id='word_1_120' title='bbox 522 1272 702 1327; x_wconf 87' lang='lat' dir='ltr'>emittit,</span> <span class='ocrx_word' id='word_1_121' title='bbox 755 1273 829 1331; x_wconf 88' lang='lat' dir='ltr'>qui</span> <span class='ocrx_word' id='word_1_122' title='bbox 872 1286 1139 1332; x_wconf 74' lang='lat' dir='ltr'>processi1S,</span> <span class='ocrx_word' id='word_1_123' title='bbox 1187 1286 1333 1332; x_wconf 90' lang='lat' dir='ltr'>usque</span> <span class='ocrx_word' id='word_1_124' title='bbox 1380 1271 1440 1320; x_wconf 84' lang='lat' dir='ltr'>ad</span> <span class='ocrx_word' id='word_1_125' title='bbox 1487 1272 1599 1318; x_wconf 85' lang='lat' dir='ltr'>sulci</span> <span class='ocrx_word' id='word_1_126' title='bbox 1643 1272 1831 1318; x_wconf 83' lang='lat' dir='ltr'>fundum</span> 
     </span>
     <span class='ocr_line' id='line_1_17' title="bbox 199 1338 1830 1401; baseline -0.001 -15"><span class='ocrx_word' id='word_1_127' title='bbox 199 1347 460 1401; x_wconf 88' lang='lat' dir='ltr'>penetrans,</span> <span class='ocrx_word' id='word_1_128' title='bbox 498 1342 560 1386; x_wconf 85' lang='lat' dir='ltr'>ibi</span> <span class='ocrx_word' id='word_1_129' title='bbox 596 1341 649 1384; x_wconf 92' lang='lat' dir='ltr'>in</span> <span class='ocrx_word' id='word_1_130' title='bbox 687 1340 891 1385; x_wconf 88' lang='lat' dir='ltr'>multas</span> <span class='ocrx_word' id='word_1_131' title='bbox 936 1338 1263 1385; x_wconf 83' lang='lat' dir='ltr'>diffinditur</span> <span class='ocrx_word' id='word_1_132' title='bbox 1309 1340 1492 1385; x_wconf 88' lang='lat' dir='ltr'>fibras</span> <span class='ocrx_word' id='word_1_133' title='bbox 1538 1340 1830 1386; x_wconf 83' lang='lat' dir='ltr'>tenuissi-</span> 
     </span>
     <span class='ocr_line' id='line_1_18' title="bbox 198 1407 1828 1464; baseline -0.001 -10"><span class='ocrx_word' id='word_1_134' title='bbox 198 1423 343 1464; x_wconf 88' lang='lat' dir='ltr'>mas,</span> <span class='ocrx_word' id='word_1_135' title='bbox 393 1410 449 1453; x_wconf 91' lang='lat' dir='ltr'>in</span> <span class='ocrx_word' id='word_1_136' title='bbox 494 1407 872 1454; x_wconf 83' lang='lat' dir='ltr'>substantiae</span> <span class='ocrx_word' id='word_1_137' title='bbox 918 1407 1193 1452; x_wconf 85' lang='lat' dir='ltr'>cinereae</span> <span class='ocrx_word' id='word_1_138' title='bbox 1235 1407 1512 1453; x_wconf 86' lang='lat' dir='ltr'>cruribus</span> <span class='ocrx_word' id='word_1_139' title='bbox 1558 1407 1828 1454; x_wconf 88' lang='lat' dir='ltr'>diffusas.</span> 
     </span>
     <span class='ocr_line' id='line_1_19' title="bbox 200 1473 1829 1535; baseline -0.001 -13"><span class='ocrx_word' id='word_1_140' title='bbox 200 1476 324 1530; x_wconf 88' lang='lat' dir='ltr'>Quas</span> <span class='ocrx_word' id='word_1_141' title='bbox 355 1475 498 1522; x_wconf 87' lang='lat' dir='ltr'>fibras</span> <span class='ocrx_word' id='word_1_142' title='bbox 531 1476 609 1520; x_wconf 80' lang='lat' dir='ltr'>hic</span> <span class='ocrx_word' id='word_1_143' title='bbox 645 1490 747 1520; x_wconf 84' lang='lat' dir='ltr'>cum</span> <span class='ocrx_word' id='word_1_144' title='bbox 784 1475 867 1520; x_wconf 88' lang='lat' dir='ltr'>illis</span> <span class='ocrx_word' id='word_1_145' title='bbox 901 1474 1116 1520; x_wconf 84' lang='lat' dir='ltr'>confundi</span> <span class='ocrx_word' id='word_1_146' title='bbox 1153 1481 1289 1535; x_wconf 85' lang='lat' dir='ltr'>atque</span> <span class='ocrx_word' id='word_1_147' title='bbox 1325 1473 1557 1521; x_wconf 83' lang='lat' dir='ltr'>confluere</span> <span class='ocrx_word' id='word_1_148' title='bbox 1594 1475 1665 1529; x_wconf 87' lang='lat' dir='ltr'>ait,</span> <span class='ocrx_word' id='word_1_149' title='bbox 1710 1489 1829 1535; x_wconf 89' lang='lat' dir='ltr'>quae</span> 
     </span>
     <span class='ocr_line' id='line_1_20' title="bbox 198 1541 1829 1604; baseline -0.001 -14"><span class='ocrx_word' id='word_1_150' title='bbox 198 1558 226 1590; x_wconf 89' lang='lat' dir='ltr'>a</span> <span class='ocrx_word' id='word_1_151' title='bbox 260 1550 357 1589; x_wconf 85' lang='lat' dir='ltr'>tota</span> <span class='ocrx_word' id='word_1_152' title='bbox 401 1544 503 1604; x_wconf 88' lang='lat' dir='ltr'>piae</span> <span class='ocrx_word' id='word_1_153' title='bbox 548 1543 705 1589; x_wconf 89' lang='lat' dir='ltr'>matris</span> <span class='ocrx_word' id='word_1_154' title='bbox 740 1542 982 1603; x_wconf 82' lang='lat' dir='ltr'>superficie</span> <span class='ocrx_word' id='word_1_155' title='bbox 1024 1543 1202 1588; x_wconf 88' lang='lat' dir='ltr'>interna</span> <span class='ocrx_word' id='word_1_156' title='bbox 1251 1544 1486 1602; x_wconf 84' lang='lat' dir='ltr'>profectae</span> <span class='ocrx_word' id='word_1_157' title='bbox 1523 1548 1571 1588; x_wconf 95' lang='lat' dir='ltr'>et</span> <span class='ocrx_word' id='word_1_158' title='bbox 1604 1543 1734 1603; x_wconf 82' lang='lat' dir='ltr'>ipsae</span> <span class='ocrx_word' id='word_1_159' title='bbox 1770 1541 1829 1588; x_wconf 90' lang='lat' dir='ltr'>ad</span> 
     </span>
     <span class='ocr_line' id='line_1_21' title="bbox 200 1609 1829 1670; baseline -0.002 -12"><span class='ocrx_word' id='word_1_160' title='bbox 200 1611 502 1658; x_wconf 85' lang='lat' dir='ltr'>substantiam</span> <span class='ocrx_word' id='word_1_161' title='bbox 551 1612 780 1656; x_wconf 87' lang='lat' dir='ltr'>cineream</span> <span class='ocrx_word' id='word_1_162' title='bbox 827 1610 1085 1656; x_wconf 86' lang='lat' dir='ltr'>decurrant.</span> <span class='ocrx_word' id='word_1_163' title='bbox 1161 1610 1252 1656; x_wconf 90' lang='lat' dir='ltr'>Has</span> <span class='ocrx_word' id='word_1_164' title='bbox 1299 1609 1442 1655; x_wconf 86' lang='lat' dir='ltr'>fibras</span> <span class='ocrx_word' id='word_1_165' title='bbox 1494 1625 1519 1655; x_wconf 89' lang='lat' dir='ltr'>a</span> <span class='ocrx_word' id='word_1_166' title='bbox 1569 1610 1829 1670; x_wconf 83' lang='lat' dir='ltr'>peripheria</span> 
     </span>
     <span class='ocr_line' id='line_1_22' title="bbox 198 1677 1830 1738; baseline -0.001 -14"><span class='ocrx_word' id='word_1_167' title='bbox 198 1679 305 1725; x_wconf 92' lang='lat' dir='ltr'>inde</span> <span class='ocrx_word' id='word_1_168' title='bbox 338 1680 560 1725; x_wconf 85' lang='lat' dir='ltr'>intrantes</span> <span class='ocrx_word' id='word_1_169' title='bbox 597 1679 718 1724; x_wconf 90' lang='lat' dir='ltr'>nullo</span> <span class='ocrx_word' id='word_1_170' title='bbox 756 1678 895 1723; x_wconf 88' lang='lat' dir='ltr'>modo</span> <span class='ocrx_word' id='word_1_171' title='bbox 929 1692 1190 1738; x_wconf 87' lang='lat' dir='ltr'>processus,</span> <span class='ocrx_word' id='word_1_172' title='bbox 1228 1677 1479 1724; x_wconf 84' lang='lat' dir='ltr'>directione</span> <span class='ocrx_word' id='word_1_173' title='bbox 1513 1677 1830 1737; x_wconf 74' lang='lat' dir='ltr'>longitudinali</span> 
     </span>
     <span class='ocr_line' id='line_1_23' title="bbox 197 1745 1829 1807; baseline -0.002 -15"><span class='ocrx_word' id='word_1_174' title='bbox 197 1747 401 1807; x_wconf 86' lang='lat' dir='ltr'>perfecte</span> <span class='ocrx_word' id='word_1_175' title='bbox 437 1748 752 1800; x_wconf 87' lang='lat' dir='ltr'>cohaerentes,</span> <span class='ocrx_word' id='word_1_176' title='bbox 790 1760 897 1792; x_wconf 89' lang='lat' dir='ltr'>esse</span> <span class='ocrx_word' id='word_1_177' title='bbox 933 1745 1050 1800; x_wconf 87' lang='lat' dir='ltr'>dicit,</span> <span class='ocrx_word' id='word_1_178' title='bbox 1091 1745 1173 1791; x_wconf 88' lang='lat' dir='ltr'>sed</span> <span class='ocrx_word' id='word_1_179' title='bbox 1207 1746 1345 1791; x_wconf 84' lang='lat' dir='ltr'>variis</span> <span class='ocrx_word' id='word_1_180' title='bbox 1380 1745 1505 1799; x_wconf 89' lang='lat' dir='ltr'>locis,</span> <span class='ocrx_word' id='word_1_181' title='bbox 1543 1745 1588 1789; x_wconf 89' lang='lat' dir='ltr'>in</span> <span class='ocrx_word' id='word_1_182' title='bbox 1625 1745 1829 1793; x_wconf 73' lang='lat' dir='ltr'>minores</span> 
     </span>
     <span class='ocr_line' id='line_1_24' title="bbox 199 1812 1827 1873; baseline -0.002 -13"><span class='ocrx_word' id='word_1_183' title='bbox 199 1822 412 1860; x_wconf 83' lang='lat' dir='ltr'>catervas</span> <span class='ocrx_word' id='word_1_184' title='bbox 446 1816 674 1868; x_wconf 88' lang='lat' dir='ltr'>collectas,</span> <span class='ocrx_word' id='word_1_185' title='bbox 706 1813 949 1859; x_wconf 88' lang='lat' dir='ltr'>medullam</span> <span class='ocrx_word' id='word_1_186' title='bbox 983 1814 1232 1873; x_wconf 87' lang='lat' dir='ltr'>perforare.</span> <span class='ocrx_word' id='word_1_187' title='bbox 1268 1840 1323 1846; x_wconf 90' lang='lat'>—</span> <span class='ocrx_word' id='word_1_188' title='bbox 1349 1813 1476 1867; x_wconf 88' lang='lat' dir='ltr'>Quae</span> <span class='ocrx_word' id='word_1_189' title='bbox 1512 1812 1652 1860; x_wconf 88' lang='lat' dir='ltr'>modo</span> <span class='ocrx_word' id='word_1_190' title='bbox 1686 1813 1827 1867; x_wconf 83' lang='lat' dir='ltr'>retuli,</span> 
     </span>
     <span class='ocr_line' id='line_1_25' title="bbox 198 1879 1831 1942; baseline 0.001 -15"><span class='ocrx_word' id='word_1_191' title='bbox 198 1896 473 1942; x_wconf 83' lang='lat' dir='ltr'>quamquam</span> <span class='ocrx_word' id='word_1_192' title='bbox 511 1882 554 1926; x_wconf 92' lang='lat' dir='ltr'>in</span> <span class='ocrx_word' id='word_1_193' title='bbox 598 1881 748 1927; x_wconf 81' lang='lat' dir='ltr'>avium</span> <span class='ocrx_word' id='word_1_194' title='bbox 801 1888 937 1941; x_wconf 84' lang='lat' dir='ltr'>atque</span> <span class='ocrx_word' id='word_1_195' title='bbox 986 1881 1289 1926; x_wconf 71' lang='lat' dir='ltr'>inanimalium</span> <span class='ocrx_word' id='word_1_196' title='bbox 1334 1879 1532 1927; x_wconf 85' lang='lat' dir='ltr'>medulla</span> <span class='ocrx_word' id='word_1_197' title='bbox 1580 1881 1831 1928; x_wconf 75' lang='lat' dir='ltr'>observata</span> 
     </span>
     <span class='ocr_line' id='line_1_26' title="bbox 196 1947 1828 2009; baseline -0.002 -14"><span class='ocrx_word' id='word_1_198' title='bbox 196 1951 391 2003; x_wconf 84' lang='lat' dir='ltr'>suerunt,</span> <span class='ocrx_word' id='word_1_199' title='bbox 432 1956 584 1995; x_wconf 87' lang='lat' dir='ltr'>tamen</span> <span class='ocrx_word' id='word_1_200' title='bbox 619 1949 832 2009; x_wconf 86' lang='lat' dir='ltr'>equidem</span> <span class='ocrx_word' id='word_1_201' title='bbox 878 1949 921 1992; x_wconf 90' lang='lat' dir='ltr'>in</span> <span class='ocrx_word' id='word_1_202' title='bbox 958 1948 1082 1993; x_wconf 88' lang='lat' dir='ltr'>ranis</span> <span class='ocrx_word' id='word_1_203' title='bbox 1122 1962 1305 2008; x_wconf 86' lang='lat' dir='ltr'>quoque</span> <span class='ocrx_word' id='word_1_204' title='bbox 1342 1948 1516 2001; x_wconf 88' lang='lat' dir='ltr'>inveni,</span> <span class='ocrx_word' id='word_1_205' title='bbox 1564 1961 1683 2007; x_wconf 90' lang='lat' dir='ltr'>quae</span> <span class='ocrx_word' id='word_1_206' title='bbox 1727 1947 1828 2007; x_wconf 86' lang='lat' dir='ltr'>qui—</span> 
     </span>
     <span class='ocr_line' id='line_1_27' title="bbox 197 2013 1831 2074; baseline -0.002 -11"><span class='ocrx_word' id='word_1_207' title='bbox 197 2015 303 2063; x_wconf 88' lang='lat' dir='ltr'>dem</span> <span class='ocrx_word' id='word_1_208' title='bbox 348 2032 424 2062; x_wconf 87' lang='lat' dir='ltr'>res</span> <span class='ocrx_word' id='word_1_209' title='bbox 469 2017 694 2062; x_wconf 86' lang='lat' dir='ltr'>dictorum</span> <span class='ocrx_word' id='word_1_210' title='bbox 742 2016 826 2060; x_wconf 82' lang='lat' dir='ltr'>viri</span> <span class='ocrx_word' id='word_1_211' title='bbox 867 2015 1151 2060; x_wconf 88' lang='lat' dir='ltr'>celeberrimi</span> <span class='ocrx_word' id='word_1_212' title='bbox 1198 2016 1438 2060; x_wconf 81' lang='lat' dir='ltr'>veritatem</span> <span class='ocrx_word' id='word_1_213' title='bbox 1482 2013 1711 2074; x_wconf 89' lang='lat' dir='ltr'>fidemque</span> <span class='ocrx_word' id='word_1_214' title='bbox 1756 2015 1831 2059; x_wconf 86' lang='lat' dir='ltr'>vel</span> 
     </span>
     <span class='ocr_line' id='line_1_28' title="bbox 195 2081 1830 2142; baseline -0.001 -14"><span class='ocrx_word' id='word_1_215' title='bbox 195 2084 344 2142; x_wconf 79' lang='lat' dir='ltr'>magis</span> <span class='ocrx_word' id='word_1_216' title='bbox 390 2082 641 2128; x_wconf 88' lang='lat' dir='ltr'>confirmat.</span> <span class='ocrx_word' id='word_1_217' title='bbox 724 2084 790 2128; x_wconf 91' lang='lat' dir='ltr'>De</span> <span class='ocrx_word' id='word_1_218' title='bbox 839 2082 909 2127; x_wconf 88' lang='lat' dir='ltr'>his</span> <span class='ocrx_word' id='word_1_219' title='bbox 954 2097 1091 2142; x_wconf 91' lang='lat' dir='ltr'>quum</span> <span class='ocrx_word' id='word_1_220' title='bbox 1125 2082 1218 2140; x_wconf 88' lang='lat' dir='ltr'>jam</span> <span class='ocrx_word' id='word_1_221' title='bbox 1276 2083 1320 2126; x_wconf 91' lang='lat' dir='ltr'>in</span> <span class='ocrx_word' id='word_1_222' title='bbox 1353 2082 1529 2142; x_wconf 85' lang='lat' dir='ltr'>-capitis</span> <span class='ocrx_word' id='word_1_223' title='bbox 1579 2081 1830 2142; x_wconf 83' lang='lat' dir='ltr'>superioris</span> 
     </span>
     <span class='ocr_line' id='line_1_29' title="bbox 196 2149 1829 2210; baseline -0.001 -15"><span class='ocrx_word' id='word_1_224' title='bbox 196 2151 322 2195; x_wconf 89' lang='lat' dir='ltr'>initio</span> <span class='ocrx_word' id='word_1_225' title='bbox 363 2151 591 2210; x_wconf 87' lang='lat' dir='ltr'>quaedam</span> <span class='ocrx_word' id='word_1_226' title='bbox 625 2151 669 2194; x_wconf 93' lang='lat' dir='ltr'>in</span> <span class='ocrx_word' id='word_1_227' title='bbox 705 2150 965 2195; x_wconf 77' lang='lat' dir='ltr'>universum</span> <span class='ocrx_word' id='word_1_228' title='bbox 1003 2149 1310 2203; x_wconf 85' lang='lat' dir='ltr'>disseruerim,</span> <span class='ocrx_word' id='word_1_229' title='bbox 1348 2149 1436 2194; x_wconf 93' lang='lat' dir='ltr'>hoc</span> <span class='ocrx_word' id='word_1_230' title='bbox 1472 2150 1574 2194; x_wconf 90' lang='lat' dir='ltr'>loco</span> <span class='ocrx_word' id='word_1_231' title='bbox 1610 2149 1829 2207; x_wconf 89' lang='lat' dir='ltr'>adjicien-</span> 
     </span>
     <span class='ocr_line' id='line_1_30' title="bbox 197 2215 1828 2277; baseline -0.002 -13"><span class='ocrx_word' id='word_1_232' title='bbox 197 2217 306 2264; x_wconf 86' lang='lat' dir='ltr'>dum</span> <span class='ocrx_word' id='word_1_233' title='bbox 337 2217 529 2274; x_wconf 87' lang='lat' dir='ltr'>videtur,</span> <span class='ocrx_word' id='word_1_234' title='bbox 568 2219 757 2263; x_wconf 87' lang='lat' dir='ltr'>lamellis</span> <span class='ocrx_word' id='word_1_235' title='bbox 793 2232 818 2262; x_wconf 92' lang='lat' dir='ltr'>a</span> <span class='ocrx_word' id='word_1_236' title='bbox 855 2216 1050 2268; x_wconf 82' lang='lat' dir='ltr'>diversis</span> <span class='ocrx_word' id='word_1_237' title='bbox 1087 2217 1200 2262; x_wconf 86' lang='lat' dir='ltr'>locis</span> <span class='ocrx_word' id='word_1_238' title='bbox 1233 2217 1516 2271; x_wconf 83' lang='lat' dir='ltr'>intrantibus,</span> <span class='ocrx_word' id='word_1_239' title='bbox 1556 2231 1674 2277; x_wconf 87' lang='lat' dir='ltr'>quae</span> <span class='ocrx_word' id='word_1_240' title='bbox 1709 2215 1828 2262; x_wconf 82' lang='lat' dir='ltr'>striis</span> 
     </span>
     <span class='ocr_line' id='line_1_31' title="bbox 195 2284 1828 2344; baseline -0.001 -14"><span class='ocrx_word' id='word_1_241' title='bbox 195 2286 345 2331; x_wconf 87' lang='lat' dir='ltr'>minus</span> <span class='ocrx_word' id='word_1_242' title='bbox 400 2286 617 2330; x_wconf 87' lang='lat' dir='ltr'>confertis</span> <span class='ocrx_word' id='word_1_243' title='bbox 669 2285 909 2344; x_wconf 88' lang='lat' dir='ltr'>minusque</span> <span class='ocrx_word' id='word_1_244' title='bbox 958 2284 1180 2330; x_wconf 87' lang='lat' dir='ltr'>distinctis</span> <span class='ocrx_word' id='word_1_245' title='bbox 1232 2284 1475 2342; x_wconf 78' lang='lat' dir='ltr'>insignitae</span> <span class='ocrx_word' id='word_1_246' title='bbox 1531 2284 1637 2339; x_wconf 87' lang='lat' dir='ltr'>sint,</span> <span class='ocrx_word' id='word_1_247' title='bbox 1691 2297 1828 2344; x_wconf 87' lang='lat' dir='ltr'>quam</span> 
     </span>
     <span class='ocr_line' id='line_1_32' title="bbox 196 2351 1827 2414; baseline -0.001 -17"><span class='ocrx_word' id='word_1_248' title='bbox 196 2367 448 2414; x_wconf 87' lang='lat' dir='ltr'>processus</span> <span class='ocrx_word' id='word_1_249' title='bbox 484 2353 529 2396; x_wconf 90' lang='lat' dir='ltr'>in</span> <span class='ocrx_word' id='word_1_250' title='bbox 565 2353 690 2398; x_wconf 91' lang='lat' dir='ltr'>sulco</span> <span class='ocrx_word' id='word_1_251' title='bbox 727 2353 972 2406; x_wconf 85' lang='lat' dir='ltr'>anteriore,</span> <span class='ocrx_word' id='word_1_252' title='bbox 1012 2352 1232 2397; x_wconf 91' lang='lat' dir='ltr'>directum</span> <span class='ocrx_word' id='word_1_253' title='bbox 1265 2352 1558 2411; x_wconf 89' lang='lat' dir='ltr'>intimumque</span> <span class='ocrx_word' id='word_1_254' title='bbox 1596 2351 1827 2396; x_wconf 84' lang='lat' dir='ltr'>membra-</span> 
     </span>
     <span class='ocr_line' id='line_1_33' title="bbox 197 2419 1827 2465; baseline -0.002 0"><span class='ocrx_word' id='word_1_255' title='bbox 197 2434 284 2465; x_wconf 88' lang='lat' dir='ltr'>nae</span> <span class='ocrx_word' id='word_1_256' title='bbox 332 2426 552 2465; x_wconf 81' lang='lat' dir='ltr'>externae</span> <span class='ocrx_word' id='word_1_257' title='bbox 607 2420 835 2465; x_wconf 89' lang='lat' dir='ltr'>solidioris</span> <span class='ocrx_word' id='word_1_258' title='bbox 883 2434 985 2464; x_wconf 91' lang='lat' dir='ltr'>cum</span> <span class='ocrx_word' id='word_1_259' title='bbox 1036 2425 1253 2465; x_wconf 86' lang='lat' dir='ltr'>stromate</span> <span class='ocrx_word' id='word_1_260' title='bbox 1304 2419 1520 2464; x_wconf 86' lang='lat' dir='ltr'>interiore</span> <span class='ocrx_word' id='word_1_261' title='bbox 1569 2432 1827 2464; x_wconf 86' lang='lat' dir='ltr'>connexum</span> 
     </span>
     <span class='ocr_line' id='line_1_34' title="bbox 197 2483 1827 2548; baseline -0.002 -15"><span class='ocrx_word' id='word_1_262' title='bbox 197 2483 333 2548; x_wconf 85' lang='lat' dir='ltr'>quam</span> <span class='ocrx_word' id='word_1_263' title='bbox 378 2486 576 2532; x_wconf 72' lang='lat' dir='ltr'>maxime</span> <span class='ocrx_word' id='word_1_264' title='bbox 625 2487 823 2545; x_wconf 78' lang='lat' dir='ltr'>coargui.</span> <span class='ocrx_word' id='word_1_265' title='bbox 909 2486 1037 2540; x_wconf 88' lang='lat' dir='ltr'>Quae</span> <span class='ocrx_word' id='word_1_266' title='bbox 1075 2486 1328 2532; x_wconf 91' lang='lat' dir='ltr'>lamellulae</span> <span class='ocrx_word' id='word_1_267' title='bbox 1374 2486 1549 2544; x_wconf 87' lang='lat' dir='ltr'>majore</span> <span class='ocrx_word' id='word_1_268' title='bbox 1599 2499 1659 2530; x_wconf 82' lang='lat' dir='ltr'>ex</span> <span class='ocrx_word' id='word_1_269' title='bbox 1695 2491 1827 2545; x_wconf 86' lang='lat' dir='ltr'>parte</span> 
     </span>
     <span class='ocr_line' id='line_1_35' title="bbox 197 2552 1826 2614; baseline -0.001 -15"><span class='ocrx_word' id='word_1_270' title='bbox 197 2554 343 2612; x_wconf 75' lang='lat' dir='ltr'>forma</span> <span class='ocrx_word' id='word_1_271' title='bbox 388 2554 658 2612; x_wconf 70' lang='lat' dir='ltr'>vaginarum</span> <span class='ocrx_word' id='word_1_272' title='bbox 699 2555 772 2599; x_wconf 88' lang='lat' dir='ltr'>vel</span> <span class='ocrx_word' id='word_1_273' title='bbox 832 2553 931 2599; x_wconf 84' lang='lat' dir='ltr'>axis</span> <span class='ocrx_word' id='word_1_274' title='bbox 978 2553 1166 2614; x_wconf 75' lang='lat' dir='ltr'>cylindri</span> <span class='ocrx_word' id='word_1_275' title='bbox 1221 2554 1294 2599; x_wconf 86' lang='lat' dir='ltr'>vel</span> <span class='ocrx_word' id='word_1_276' title='bbox 1343 2553 1469 2599; x_wconf 87' lang='lat' dir='ltr'>vasis</span> <span class='ocrx_word' id='word_1_277' title='bbox 1525 2552 1826 2608; x_wconf 83' lang='lat' dir='ltr'>substantiam</span> 
     </span>
     <span class='ocr_line' id='line_1_36' title="bbox 197 2619 1827 2681; baseline -0.003 -12"><span class='ocrx_word' id='word_1_278' title='bbox 197 2621 349 2669; x_wconf 78' lang='lat' dir='ltr'>albam</span> <span class='ocrx_word' id='word_1_279' title='bbox 382 2627 679 2681; x_wconf 86' lang='lat' dir='ltr'>penetrantes</span> <span class='ocrx_word' id='word_1_280' title='bbox 713 2636 813 2666; x_wconf 89' lang='lat' dir='ltr'>cum</span> <span class='ocrx_word' id='word_1_281' title='bbox 849 2635 1007 2667; x_wconf 87' lang='lat' dir='ltr'>massa</span> <span class='ocrx_word' id='word_1_282' title='bbox 1040 2621 1218 2666; x_wconf 84' lang='lat' dir='ltr'>informi</span> <span class='ocrx_word' id='word_1_283' title='bbox 1244 2622 1375 2681; x_wconf 87' lang='lat' dir='ltr'>quasi</span> <span class='ocrx_word' id='word_1_284' title='bbox 1401 2619 1642 2667; x_wconf 77' lang='lat' dir='ltr'>confluunt..</span> <span class='ocrx_word' id='word_1_285' title='bbox 1701 2620 1827 2669; x_wconf 85' lang='lat' dir='ltr'>Hanc</span> 
     </span>
     <span class='ocr_line' id='line_1_37' title="bbox 198 2685 1825 2748; baseline -0.001 -15"><span class='ocrx_word' id='word_1_286' title='bbox 198 2689 422 2734; x_wconf 85' lang='lat' dir='ltr'>rationem</span> <span class='ocrx_word' id='word_1_287' title='bbox 456 2690 551 2734; x_wconf 88' lang='lat' dir='ltr'>fere</span> <span class='ocrx_word' id='word_1_288' title='bbox 585 2689 628 2732; x_wconf 90' lang='lat' dir='ltr'>in</span> <span class='ocrx_word' id='word_1_289' title='bbox 659 2688 824 2748; x_wconf 77' lang='lat' dir='ltr'>quovis</span> <span class='ocrx_word' id='word_1_290' title='bbox 860 2695 1098 2746; x_wconf 77' lang='lat' dir='ltr'>segmento</span> <span class='ocrx_word' id='word_1_291' title='bbox 1132 2694 1399 2733; x_wconf 87' lang='lat' dir='ltr'>transverso</span> <span class='ocrx_word' id='word_1_292' title='bbox 1432 2685 1825 2732; x_wconf 83' lang='lat' dir='ltr'>animadvertendi</span> 
     </span>
     <span class='ocr_line' id='line_1_38' title="bbox 199 2753 1824 2815; baseline -0.002 -14"><span class='ocrx_word' id='word_1_293' title='bbox 199 2756 383 2802; x_wconf 88' lang='lat' dir='ltr'>occasio</span> <span class='ocrx_word' id='word_1_294' title='bbox 422 2770 516 2801; x_wconf 91' lang='lat' dir='ltr'>non</span> <span class='ocrx_word' id='word_1_295' title='bbox 563 2755 705 2801; x_wconf 82' lang='lat' dir='ltr'>deest.</span> <span class='ocrx_word' id='word_1_296' title='bbox 789 2757 981 2815; x_wconf 87' lang='lat' dir='ltr'>Semper</span> <span class='ocrx_word' id='word_1_297' title='bbox 1026 2756 1145 2801; x_wconf 91' lang='lat' dir='ltr'>enim</span> <span class='ocrx_word' id='word_1_298' title='bbox 1183 2754 1296 2801; x_wconf 88' lang='lat' dir='ltr'>radi-i</span> <span class='ocrx_word' id='word_1_299' title='bbox 1332 2753 1464 2800; x_wconf 87' lang='lat' dir='ltr'>lucidi</span> <span class='ocrx_word' id='word_1_300' title='bbox 1500 2767 1584 2814; x_wconf 92' lang='lat' dir='ltr'>per</span> <span class='ocrx_word' id='word_1_301' title='bbox 1625 2768 1824 2800; x_wconf 87' lang='lat' dir='ltr'>massam</span> 
     </span>
    </p>
   </div>
   <div class='ocr_carea' id='block_1_3' title="bbox 493 2855 760 2863">
    <p class='ocr_par' dir='ltr' id='par_1_3' title="bbox 493 2855 760 2863">
     <span class='ocr_line' id='line_1_39' title="bbox 493 2855 760 2863; baseline 0 0"><span class='ocrx_word' id='word_1_302' title='bbox 493 2855 760 2863; x_wconf 95' lang='lat' dir='ltr'> </span> 
     </span>
    </p>
   </div>
   <div class='ocr_carea' id='block_1_4' title="bbox 198 2857 447 2864">
    <p class='ocr_par' dir='ltr' id='par_1_4' title="bbox 198 2857 447 2864">
     <span class='ocr_line' id='line_1_40' title="bbox 198 2857 447 2864; baseline 0 406"><span class='ocrx_word' id='word_1_303' title='bbox 198 2857 447 2864; x_wconf 95' lang='lat' dir='ltr'> </span> 
     </span>
    </p>
   </div>
   <div class='ocr_carea' id='block_1_5' title="bbox 197 2919 1822 3019">
    <p class='ocr_par' dir='ltr' id='par_1_5' title="bbox 197 2919 1822 3019">
     <span class='ocr_line' id='line_1_41' title="bbox 290 2919 1822 2965; baseline -0.001 -11"><span class='ocrx_word' id='word_1_304' title='bbox 290 2921 355 2961; x_wconf 87' lang='grc'>33)</span> <span class='ocrx_word' id='word_1_305' title='bbox 403 2926 657 2960; x_wconf 80' lang='lat' dir='ltr'>Bemerkungeu</span> <span class='ocrx_word' id='word_1_306' title='bbox 683 2923 765 2954; x_wconf 75' lang='lat' dir='ltr'>iiber</span> <span class='ocrx_word' id='word_1_307' title='bbox 787 2925 850 2954; x_wconf 80' lang='lat' dir='ltr'>den</span> <span class='ocrx_word' id='word_1_308' title='bbox 872 2925 946 2954; x_wconf 81' lang='lat' dir='ltr'>Bau</span> <span class='ocrx_word' id='word_1_309' title='bbox 972 2925 1032 2954; x_wconf 83' lang='lat' dir='ltr'>des</span> <span class='ocrx_word' id='word_1_310' title='bbox 1055 2920 1155 2956; x_wconf 78' lang='lat' dir='ltr'>Ritus</span> <span class='ocrx_word' id='word_1_311' title='bbox 1179 2923 1247 2953; x_wconf 84' lang='lat' dir='ltr'>und</span> <span class='ocrx_word' id='word_1_312' title='bbox 1269 2922 1536 2965; x_wconf 54' lang='lat' dir='ltr'>mammam,</span> <span class='ocrx_word' id='word_1_313' title='bbox 1569 2919 1705 2955; x_wconf 67' lang='lat' dir='ltr'>zurich.</span> <span class='ocrx_word' id='word_1_314' title='bbox 1721 2919 1822 2955; x_wconf 69' lang='lat'>1838.</span> 
     </span>
     <span class='ocr_line' id='line_1_42' title="bbox 197 2979 553 3019; baseline 0.003 -7"><span class='ocrx_word' id='word_1_315' title='bbox 197 2988 275 3019; x_wconf 77' lang='lat' dir='ltr'>pag.</span> <span class='ocrx_word' id='word_1_316' title='bbox 308 2979 364 3013; x_wconf 91' lang='lat'>11.</span> <span class='ocrx_word' id='word_1_317' title='bbox 549 2985 553 2989; x_wconf 85' lang='lat'>·</span> 
     </span>
    </p>
   </div>
  </div>
 </body>
</html>
