1991 3270
741 257 1075 306 ...55-

99 393 246 438 dicum
285 392 519 452 spinalium
558 392 740 437 tubulos
779 405 975 436 nerveos
1012 391 1180 436 intrare
1217 396 1372 435 notum
1405 396 1495 444 est,
1547 402 1708 450 perse·-

99 460 174 520 qui
209 459 323 504 licet.
393 458 521 503 Unde
560 458 828 516 intelligitur,
862 471 952 517 quo
988 457 1126 503 modo
1161 459 1325 502 factum
1363 456 1441 510 sit,
1480 462 1527 501 ut
1559 456 1710 501 Κουι-

99 527 218 570 liker
258 540 308 571 se
369 525 567 571 radicum
616 526 891 571 anteriorum
942 525 1123 570 tubulos
1169 524 1421 584 primitivos
1470 539 1614 584 usque
1651 522 1711 570 ad

98 593 291 639 fissurae
330 593 569 638 anterioris
603 592 787 637 fundum
822 599 1025 637 secutum
1059 606 1183 645 esse,
1216 600 1306 636 tam
1345 597 1471 636 certo
1506 605 1710 651 pronun-

99 661 197 705 ciet.
268 660 442 705 Etenim
495 660 595 720 piae
637 659 792 704 matris
830 657 995 714 fibrae,
1046 672 1191 718 usque
1231 658 1337 704 dum
1374 658 1417 702 in
1457 658 1712 704 substantia

97 727 279 772 cinerea
313 725 535 782 finiuntur,
570 726 698 771 lineis
736 725 868 770 valde
906 725 1154 771 manifestis
1190 725 1428 770 excellunt.

549 902 605 942 4.
637 899 923 954 analysis
960 898 1258 944 chemica.

238 1004 294 1050 Ut
323 1003 525 1049 chemica
559 1004 632 1048 via
655 1001 748 1063 51),
786 1003 822 1047 si
856 1001 952 1047 fieri
987 1011 1169 1062 posset,
1214 1019 1289 1060 ea,
1333 1021 1450 1066 quae
1487 1007 1714 1054 observa-

100 1072 247 1116 tiones
289 1085 378 1131 ope
422 1070 708 1129 microscopii
754 1068 983 1114 institutae
1032 1069 1089 1114 de
1138 1072 1253 1117 telae
1282 1074 1626 1131 -conjunctivae
1670 1076 1715 1120 in

99 1152 252 1183 massa
292 1143 550 1182 centrorum
587 1150 860 1181 nerveorum
899 1137 1160 1196 praesentia
1185 1153 1239 1183 ac
1270 1138 1589 1186 distributione
1626 1141 1714 1187 do-

99 1211 298 1258 cuerant,
336 1203 723 1257 confirmarentur,
761 1205 835 1248 Dr.
872 1203 1085 1247 Schmidt
1117 1207 1353 1264 professor
1390 1208 1715 1255 illustrissimus

101 1272 454 1317 substantiarum
487 1271 697 1316 cinereae
742 1271 965 1329 albaeque
1010 1272 1230 1331 analysim
1275 1288 1324 1318 se
1357 1275 1578 1320 facturum
1609 1290 1716 1322 esse

98 1340 337 1399 professus
369 1345 449 1383 est.
521 1338 667 1391 Quum
705 1345 852 1382 autem
888 1352 1070 1383 massae
1106 1339 1316 1385 cinereae
1342 1348 1413 1386 sat
1445 1357 1599 1388 merae
1634 1357 1717 1388 co-

99 1406 218 1466 piam
252 1405 310 1451 ad
345 1404 686 1464 disquisitiones
722 1404 950 1450 chemicas
987 1404 1283 1452 sufficientem
1309 1422 1368 1452 ex
1401 1409 1596 1456 medulla
1622 1411 1717 1471 spi-

99 1474 189 1518 nali
225 1479 433 1533 repetere
468 1486 559 1517 non
596 1470 880 1529 contigisset,
919 1472 1220 1528 substantiae,
1274 1490 1392 1534 quae
1428 1477 1472 1521 in
1519 1491 1716 1523 examen

100 1539 340 1586 vocandae
374 1545 526 1593 erant,
575 1553 634 1583 ex
681 1538 876 1584 hominis
918 1539 1043 1585 horis
1082 1539 1141 1587 24-
1182 1548 1286 1587 ante
1320 1543 1484 1588 mortui
1522 1545 1717 1591 cerebro

100 1607 368 1667 desumptae
409 1612 522 1652 sunt.
604 1606 866 1651 Substantia
915 1607 1018 1652 alba
1062 1608 1180 1652 enim
1217 1624 1243 1653 e
1293 1623 1489 1670 corpore
1530 1613 1715 1666 calloso,

101 1675 284 1720 cinerea
316 1688 375 1719 ex
409 1673 847 1733 hemisphaeriorum
874 1680 1016 1719 strato
1053 1676 1250 1720 corticali
1286 1682 1417 1722 caute
1444 1678 1713 1725 abradendo

100 1742 267 1801 petitae
306 1747 420 1786 sunt.
489 1739 642 1785 Liceat
685 1755 823 1795 nunc,
873 1755 1004 1800 quem
1041 1743 1151 1800 pros.
1188 1744 1261 1787 Dr.
1302 1744 1517 1789 Schmidt
1557 1747 1718 1807 analy-

31 1842 57 1848 ἡ,
101 1822 208 1854 seos
243 1813 456 1853 eventum
490 1813 650 1853 nactus
689 1808 756 1861 sit,
794 1807 976 1853 disertis
1014 1808 1096 1852 viri
1134 1809 1382 1856 doctissimi
1418 1812 1573 1858 verbis
1608 1827 1719 1873 pro-

102 1889 289 1936 ponere.

238 1941 404 2002 Copias
429 1940 622 2001 adipum,
650 1940 985 1995 albuminatum,
1024 1942 1379 1989 substantiarum
1405 1945 1544 1991 collas
1572 1945 1716 1991 eden-

98 2009 205 2055 tium
236 2015 281 2055 et
316 2008 509 2069 partium
544 2008 922 2066 anorganicarum
958 2016 1004 2053 ut
1043 2024 1178 2069 quam
1226 2011 1477 2057 certissime
1525 2013 1717 2059 definire

96 2077 262 2130 liceret,
299 2075 581 2121 substantiae
618 2089 818 2120 nerveae
850 2074 1011 2129 dictae,
1049 2083 1267 2136 quantum
1311 2075 1408 2122 fieri
1455 2080 1599 2139 potuit
1631 2096 1717 2140 pu-

97 2143 314 2197 rissimae,
350 2144 557 2187 fervente
588 2142 795 2186 alcohole
833 2142 1113 2202 aethereque
1158 2143 1412 2190 exhaustae
1458 2154 1563 2192 sunt
1596 2145 1717 2208 (adi-

96 2209 216 2271 pes).
283 2209 541 2262 Residuum⁷
577 2209 729 2253 calore
761 2207 874 2253 400ο
899 2210 1178 2255 exsiccatum
1203 2218 1549 2273 pensatumque,
1585 2221 1717 2274 post-

97 2290 231 2336 quam
268 2290 350 2336 per
388 2275 527 2320 horas
562 2274 623 2321 24
666 2290 723 2319 ex
756 2289 873 2334 aqua
914 2283 1090 2321 coctum
1126 2278 1216 2329 fuit,
1257 2278 1481 2323 solutione
1522 2295 1609 2341 ope
1646 2280 1715 2326 fil—

189 2451 253 2495 5¹)
293 2451 556 2489 Disquisitiones
578 2451 863 2490 praeclarissimae
890 2455 929 2482 de
955 2455 1067 2484 eadem
1094 2463 1127 2484 ie
1150 2462 1168 2485 a
1192 2458 1234 2486 cl.
1257 2454 1302 2488 de
1324 2452 1452 2488 Bibra
1475 2461 1575 2495 atque
1593 2456 1719 2504 Hauff

94 2516 128 2542 et
163 2507 305 2542 Walter
330 2508 504 2540 institutae
529 2509 648 2540 idcirco
674 2508 730 2540 fini
758 2507 852 2540 nobis
883 2508 1045 2546 proposito
1072 2510 1181 2541 minus
1209 2516 1416 2554 respondent,
1446 2518 1529 2550 quod
1553 2516 1715 2549 relativae

94 2565 272 2604 collagenii
297 2564 422 2608 copiae,
451 2574 535 2602 quae
555 2565 690 2597 maximi
716 2565 811 2597 nobis
833 2570 904 2597 erat
931 2566 1097 2607 momenti,
1124 2567 1206 2599 ratio
1232 2572 1333 2600 ducta
1356 2579 1419 2601 non
1446 2575 1511 2603 est.
1555 2575 1622 2604 Hoc
1640 2577 1713 2606 loco

94 2622 300 2661 comparandi
326 2631 430 2654 causa
455 2626 610 2653 eventum
632 2626 827 2664 analyseos,
855 2631 952 2672 quuam
983 2619 1029 2655 H.
1048 2628 1081 2654 et
1100 2620 1152 2655 W.
1179 2627 1219 2655 de
1245 2634 1352 2663 aquae
1380 2625 1578 2665 aoniumque
1603 2629 1710 2673 copia,

93 2680 127 2712 in
154 2689 283 2717 corpore
312 2682 437 2710 calloso
471 2683 504 2710 et
537 2678 729 2709 substantia
763 2679 892 2710 cinerea
924 2679 1236 2716 hemisphaeriorum
1272 2682 1394 2713 cerebri
1429 2684 1563 2716 humani
1598 2686 1709 2729 obvia,

93 2737 330 2777 instituerunt,
368 2738 637 2772 subjungendum
671 2745 747 2766 esse
779 2735 908 2767 censui.
965 2736 1130 2774 (Annalen
1157 2741 1213 2768 (ier
1242 2739 1378 2770 Cliemie
1411 2743 1475 2771 und
1503 2742 1709 2776 Pliarmacie.

92 2796 338 2826 v01.Lxxxv.
386 2792 552 2830 pag.42.)

517 2846 712 2903 Substantia
738 2847 851 2880 cortic.
1039 2859 1127 2886 corp.
1158 2853 1277 2881 canos.

449 2904 584 2936 maxim.
705 2906 709 2946 Ι
756 2903 881 2936 minim.
980 2904 1116 2936 maxim.
1214 2905 1340 2938 minim.

412 2970 519 3010 aquae
544 2971 650 3014 86,64
764 2971 870 3015 84,84
990 2971 1092 3013 70,81
1219 2972 1325 3015 69‚66

384 3028 518 3069 adipum
567 3027 648 3072 5‚08
788 3026 867 3069 4:56
992 3027 1096 3071 16,98
1221 3027 1325 3073 14,30

0 0 338 19 „su-ac
362 0 488 18 somn-0..-
517 6 591 19 mm
634 0 1991 31 Q
