1936 3281
842 162 1146 210 ...8.-

181 294 362 350 obtulit,
401 294 700 345 materiame
738 293 956 354 imprimis
996 293 1305 350 adduxerunt,
1355 302 1403 342 ut
1440 296 1499 342 ad
1543 297 1632 344 hoc
1666 299 1811 344 solum

179 363 345 409 animal
391 361 525 408 animi
577 361 874 406 attentionem
926 361 1171 407 advertere
1220 364 1554 411 constituerem.
1634 365 1808 411 Etenim

179 429 353 477 canalis
377 429 652 476 vertebralis
678 443 838 474 eorum
866 430 1156 489 serpentium,
1185 430 1439 476 sauriorum
1472 438 1516 477 et
1547 433 1811 478 batrachio-

180 513 282 545 rum
317 497 627 551 caudatorum,
674 511 794 556 quae
829 497 873 541 in
910 497 979 542 his
1015 497 1185 543 nostris
1223 498 1489 556 regionibus
1521 500 1565 544 in
1598 507 1813 561 promptu

181 572 308 621 sunt,
367 572 457 611 tam
515 571 737 623 angustus
790 564 1010 618 cernitur,
1070 571 1118 610 ut
1171 564 1414 610 medullam
1465 567 1684 625 spinalem
1734 569 1813 613 vix

179 635 406 693 integram
445 638 582 692 atque
620 633 836 677 intactam
881 632 1090 677 obtinere
1127 647 1290 692 queas,
1341 634 1594 693 saltemque
1636 636 1812 681 tunicas

182 716 365 762 semper
420 700 659 756 dilaceres.
750 701 795 745 Si
851 706 1001 745 autem
1055 714 1266 758 organon
1315 701 1450 746 molle
1502 708 1810 762 tenerumque,

179 769 450 816 membrana
480 767 773 822 denudatum,
807 768 851 812 in
883 767 1001 813 acidi
1036 767 1252 812 chromici
1277 768 1501 814 solutione
1527 769 1811 830 deposueris,

179 837 298 883 haec
331 836 515 898 quidem
550 835 778 896 perbrevi,
816 844 863 880 ut
893 849 1048 880 massa
1081 835 1249 890 srietur,
1287 834 1433 881 efficit.
1461 861 1525 870 —-
1558 838 1593 881 E
1628 844 1811 884 contra—

180 906 249 951 rio
283 906 327 950 in
364 905 499 959 ranis,
538 918 677 964 quum
710 909 755 947 et
790 903 962 948 canalis
998 917 1219 963 perquam
1253 904 1429 963 amplus
1465 905 1522 949 sit
1546 910 1592 950 et
1615 904 1811 950 medulla

182 972 369 1034 spinalis
399 973 536 1031 longe
575 970 820 1015 firmiorem
857 978 992 1030 atque
1030 971 1290 1016 solidiorem
1328 986 1377 1016 se
1409 971 1639 1026 exhibeat,
1677 987 1812 1018 arcu—

179 1041 269 1086 bus
316 1039 654 1085 vertebralibus
709 1044 841 1083 caute
898 1039 1125 1098 abruptis,
1178 1047 1228 1084 ut
1280 1053 1504 1097 organum
1552 1039 1659 1085 illud
1711 1054 1811 1086 cum

182 1108 396 1155 omnibus
454 1107 727 1152 indumentis
783 1105 1007 1151 incolume
1063 1107 1212 1166 atque‘
1252 1107 1477 1165 integrum
1530 1107 1810 1167 adipiscare,

178 1176 310 1222 facile
356 1175 588 1234 contingit.
665 1173 873 1227 Accedit,
921 1172 1046 1233 quod
1085 1173 1129 1217 in
1163 1174 1389 1228 animalis,
1439 1175 1564 1233 quod
1608 1174 1809 1230 dicimus,

179 1244 379 1290 medulla
413 1242 667 1289 substantia
700 1242 882 1286 cinerea
923 1256 1004 1301 pro
1042 1248 1140 1286 rata
1177 1248 1306 1302 parte
1340 1241 1587 1287 admodum
1623 1237 1813 1303 copiosa

180 1313 428 1366 invenitur,
485 1325 576 1371 quo
631 1311 798 1355 factum
849 1315 941 1363 est,
1002 1316 1072 1363 ut,
1130 1310 1571 1369 perscrutationibus
1625 1310 1810 1356 vixdum

179 1380 384 1441 inceptis,
414 1379 516 1437 jure
548 1378 811 1424 videremur
845 1391 1034 1437 sperare
1069 1391 1221 1436 posse,
1261 1379 1371 1432 fore,
1408 1383 1455 1422 ut
1489 1377 1532 1421 in
1564 1391 1675 1423 rana
1700 1378 1812 1423 faci-

180 1448 286 1503 lius,
331 1461 468 1507 quam
500 1447 544 1491 in
577 1445 674 1491 aliis
711 1438 1015 1490 animantibus
1049 1444 1107 1489 de
1143 1445 1373 1504 partibus,
1422 1459 1538 1505 quas
1574 1446 1663 1490 tela
1699 1460 1812 1491 con-

176 1515 382 1576 junctiva
414 1514 459 1560 in
496 1528 776 1573 organorum
810 1512 1074 1558 centralium
1109 1514 1372 1573 systematis
1411 1513 1598 1558 nervosi
1631 1519 1813 1559 textura

180 1581 441 1637 sustineret,
483 1582 691 1627 nimirum
737 1581 795 1626 dc
832 1580 1051 1626 fibrarum
1083 1581 1381 1634 cinei-earum,
1420 1595 1540 1641 quae
1576 1586 1810 1635 vocantur,

180 1652 347 1707 indole,
382 1651 579 1696 certiora
615 1654 1019 1709 cognoscerentur.
1073 1648 1230 1708 Itaque
1266 1649 1310 1692 in
1342 1649 1412 1694 his
1446 1647 1812 1708 inquisitionibus

180 1719 228 1766 id
274 1717 806 1778 maxime-propositum
856 1716 1016 1770 habui,
1068 1722 1116 1761 ut
1167 1730 1305 1761 ranae
1346 1723 1391 1761 et
1440 1715 1623 1776 quidem
1673 1730 1813 1760 ranae

181 1787 489 1848 temporariae
533 1785 731 1830 medulla
770 1784 954 1844 spinalis
999 1784 1057 1828 ab
1104 1783 1225 1828 omni
1259 1790 1412 1844 parte,
1463 1789 1679 1844 quantum
1715 1781 1814 1828 fieri

180 1856 419 1918 potuisset,
456 1853 516 1899 ad
551 1853 684 1911 hujus
719 1866 965 1897 nervorum
1002 1851 1145 1896 centri
1178 1851 1469 1910 histologiam
1506 1850 1815 1909 indagandam

180 1923 536 1986 perquireretur.

324 1991 558 2036 Externae
590 1988 793 2033 rationes
826 1987 1109 2032 anatomicae
1142 1986 1337 2046 partium
1370 1986 1634 2031 centralium
1663 1992 1815 2046 syste-

181 2058 318 2106 matis
351 2057 559 2111 nervosi,
600 2056 761 2115 quales
800 2055 845 2098 in
884 2055 1008 2099 ranis
1047 2054 1367 2109 observantur,
1408 2067 1546 2113 quum
1574 2054 1669 2112 jam
1709 2067 1815 2099 sae-

180 2127 285 2189 pius
334 2140 471 2186 quam
515 2122 860 2182 diligentissime
908 2122 966 2167 ab
1019 2122 1115 2166 aliis
1163 2120 1423 2181 descriptae
1470 2121 1579 2175 sint,
1629 2120 1687 2166 de
1732 2121 1816 2166 illis

183 2194 368 2256 quidem
394 2207 450 2238 ea
474 2190 791 2237 tantummodo
826 2203 1064 2250 exponere
1099 2189 1204 2233 mihi
1236 2189 1380 2244 liceat,
1416 2203 1535 2248 quae
1569 2188 1628 2233 ad
1652 2187 1817 2233 indicia

181 2260 530 2323 topographica,
562 2259 607 2303 in
642 2259 729 2303 hac
765 2256 1149 2302 commentatione
1184 2256 1360 2312 oblata,
1402 2258 1485 2301 rite
1521 2255 1816 2315 intelligenda

184 2330 436 2376 suffectura
471 2341 577 2373 esse
608 2326 862 2371 videantur.

324 2395 536 2441 Arcubus
575 2393 915 2439 vertebralibus
955 2406 1040 2452 per
1082 2397 1223 2437 totam
1268 2391 1507 2436 columnae
1543 2391 1815 2437 vertebralis

182 2463 514 2524 longitudinem
548 2461 763 2521 diruptis,
811 2461 848 2506 si
896 2459 1001 2504 inde
1038 2459 1197 2504 duram
1236 2464 1428 2503 matrem
1468 2473 1570 2504 cum
1607 2458 1814 2516 subjecto

183 2546 435 2594 parvorum
470 2530 694 2576 calcariae
735 2528 1052 2588 crystallorum
1097 2533 1239 2573 strato
1278 2526 1544 2581 abstuleris,
1592 2525 1816 2571 funiculus

184 2599 467 2653 medullaris,
512 2598 606 2656 J'am
638 2596 877 2656 adspectui
913 2601 1098 2655 patens,
1145 2594 1474 2654 compluribus,
1515 2607 1630 2652 quas
1667 2593 1815 2647 offert,

186 2666 587 2714 constrictionibus
635 2672 772 2723 atque
824 2662 1184 2708 intumescentiis
1233 2663 1423 2707 formam
1477 2674 1589 2720 prae
1636 2674 1686 2705 se
1731 2661 1818 2705 fert

184 2735 326 2781 veluti
351 2734 646 2779 articulatam.
674 2756 736 2762 —
763 2731 872 2776 Inde
904 2745 929 2776 a
963 2730 1205 2783 cerebello,
1233 2728 1292 2774 ad
1316 2729 1495 2773 taeniae
1521 2727 1816 2773 tenuissimae

188 2801 522 2850 similitudinem
579 2798 878 2844 transversim
937 2812 1075 2858 super
1134 2798 1281 2842 sinum
1341 2800 1551 2856 quartum
1607 2801 1814 2850 extenso,

187 2869 385 2917 medulla
418 2882 565 2930 usque
595 2866 655 2913 ad
686 2867 838 2912 locum
872 2866 1052 2910 circiter
1091 2867 1184 2910 imm·
1218 2863 1333 2908 infra
1368 2868 1623 2908 extremum
1658 2863 1816 2908 calami

191 2937 418 2999 scriptorii
464 2937 660 2998 apicem,
693 2934 830 2996 paulo
868 2938 974 2979 ante
1010 2932 1140 2994 primi
1181 2930 1310 2978 nervi
1357 2930 1544 2992 spinalis
1578 2930 1813 2989 originem,
