1991 3270
866 251 1202 299 -50-

225 387 411 442 stantia,
450 400 568 447 quae
603 385 732 430 fibris
771 386 954 430 nerveis
990 384 1207 431 latissima
1243 384 1355 439 ista,
1398 400 1488 446 qua
1525 386 1676 432 adhuc
1711 386 1843 433 adhi-

222 455 443 508 bebatur,
477 454 607 499 vocis
646 450 978 511 significatione
1012 452 1266 498 communia
1300 459 1478 508 essent,
1527 455 1646 499 nulla
1685 461 1843 501 exsta-

220 522 346 568 hant.
409 521 479 566 An
516 522 633 566 forte
670 520 789 565 telae
821 520 1138 577 conjunctivae
1175 518 1348 565 fibrillis
1390 534 1491 565 cum
1537 521 1703 567 tubulis
1741 522 1844 568 latis

220 589 419 636 medulla
453 587 649 648 impletis
696 588 887 648 axisque
923 586 1129 647 cylindro
1176 587 1395 647 praeditis
1438 587 1683 648 quidquam
1723 588 1844 635 aliud

219 663 407 718 praeter
457 657 650 702 sormam
698 655 836 714 longe
890 661 1149 715 porrectam
1202 669 1443 700 commune
1488 657 1595 700 est‘?
1667 656 1844 710 Quodsi

222 724 445 769 Kbllviker
480 723 538 769 de
576 721 703 768 fibris
754 722 1050 776 tenuissimis,
1100 736 1216 782 quas
1252 722 1595 768 evidentissime
1643 724 1703 768 ait
1735 738 1843 769 ner-

220 806 334 838 veas
367 805 486 845 esse,
520 791 798 836 mentionem
833 790 948 842 facit,
986 789 1073 835 hoc
1108 790 1207 847 ejus
1240 789 1407 835 dictum
1434 789 1618 849 quidem
1650 805 1749 836 cum
1777 792 1845 836 al-

220 866 322 905 tero
357 858 578 919 quodam,
612 859 704 915 jam
742 857 866 917 prius
900 856 1221 916 pronunciato‚
1260 856 1383 916 quod
1424 871 1562 916 supra
1597 858 1734 912 attuli,
1771 858 1844 912 „in

221 926 433 972 omnibus
481 926 624 971 centri
664 925 830 970 tubulis
879 923 1086 984 quamvis
1131 924 1405 970 tenuissimis
1448 924 1548 969 axis
1592 924 1845 985 cylindrum

220 994 425 1054 conspici
457 997 632 1053 posse“
681 993 726 1036 in
761 991 1056 1037 concordiam
1098 991 1242 1049 redigi
1290 997 1465 1050 potest3
1518 997 1717 1037 attamen
1758 992 1843 1038 ista

219 1060 462 1115 evidentia,
493 1060 587 1118 jain
621 1066 727 1105 ante
767 1059 807 1103 in
846 1058 1031 1104 dubium
1057 1065 1234 1112 vocata,
1268 1060 1424 1119 quanti
1456 1058 1664 1105 facienda
1691 1060 1758 1114 sit,
1784 1074 1845 1105 ex

219 1128 547 1174 recentissimis
583 1126 789 1184 ejusdcm
827 1125 1094 1171 scrutatoris
1131 1125 1262 1171 (lictis
1308 1140 1445 1186 quam
1479 1127 1646 1185 optime
1683 1128 1842 1172 elucet.

220 1193 542 1255 Kallikerffl)
575 1195 706 1248 enim,
742 1208 832 1253 quo
868 1194 970 1238 loco
1006 1193 1062 1238 ad
1095 1192 1404 1239 dubitationes
1437 1208 1463 1239 a
1489 1195 1548 1238 cl⁰
1586 1194 1845 1239 Hannover

217 1262 277 1309 de
302 1263 568 1309 bacilloruin
603 1262 777 1306 retinae
815 1266 976 1306 natura
1014 1274 1213 1306 nervosa
1246 1266 1395 1305 motas
1433 1261 1695 1322 respondet,
1729 1261 1844 1307 haec

219 1330 304 1376 ait:
347 1331 573 1385 „Erstens
625 1330 681 1374 ist
726 1344 783 1373 an
832 1328 988 1373 keiner
1037 1328 1247 1386 cinzigen
1305 1328 1477 1373 feinern
1533 1330 1844 1375 Nervenfaser

218 1397 302 1443 der
348 1398 709 1456 Centralorgane
752 1396 854 1441 eine
900 1396 1028 1441 H'ulle
1075 1394 1435 1454 nacligewiesen
1484 1397 1575 1442 und
1618 1397 1842 1442 zweitens

216 1464 297 1510 hat
332 1465 453 1511 noch
495 1464 717 1510 Nicinand
767 1478 823 1507 an
864 1462 953 1509 den
992 1462 1185 1508 feinsten
1221 1463 1578 1509 Nervenrohrcn
1623 1463 1708 1509 des
1751 1465 1843 1510 Ge-

215 1532 344 1579 hirns
388 1533 522 1578 einen
555 1530 895 1590 Axencylinder
937 1546 990 1576 zu
1035 1528 1187 1576 finden
1232 1530 1519 1576 vei·mocht“.
1591 1530 1719 1577 Unde
1766 1545 1842 1577 se-

218 1600 379 1661 quitur,
406 1599 570 1646 fibram
596 1599 910 1658 gelatinosam,
947 1612 1221 1658 quamquam
1256 1598 1298 1643 in
1325 1613 1379 1643 ea
1407 1613 1491 1644 nec
1516 1598 1839 1653 indumentum,

217 1681 304 1713 nec
330 1667 429 1713 axis
455 1667 687 1727 cylindrus
726 1666 1003 1712 observatus
1039 1666 1181 1719 suerit,
1220 1671 1370 1710 tamen
1397 1680 1480 1726 pro
1507 1664 1622 1711 fibra
1648 1665 1841 1712 eviden-

219 1741 287 1781 ter
311 1749 484 1781 nervca
521 1734 679 1779 haberi
713 1747 865 1794 posse.
926 1734 1080 1793 ltaque
1117 1747 1255 1792 quum
1292 1734 1576 1793 exploratum
1604 1734 1670 1788 sit,
1698 1732 1841 1779 fibras

216 1816 416 1848 nerveas
454 1802 745 1848 tenuissimas
779 1814 963 1861 quoquc
996 1800 1193 1845 medulla
1231 1814 1414 1854 carere,
1463 1815 1487 1845 e
1536 1800 1720 1847 disertis
1758 1800 1841 1845 viri

215 1869 479 1924 doctissimi,
521 1870 596 1930 qui
630 1869 746 1914 inter
779 1882 983 1914 summae
1016 1867 1297 1913 auctoritatis
1330 1867 1660 1915 observatores
1694 1867 1841 1914 habe-

214 1944 299 1993 tur,
337 1938 494 1983 verbis
531 1937 627 1982 sine
660 1937 748 1982 ulla
782 1936 1100 1982 controversia
1127 1935 1430 1980 (loinonstrari
1459 1937 1667 1996 potuerit,
1694 1934 1840 1981 histo—

213 2006 350 2064 logos
401 2004 548 2050 adhuc
602 2004 827 2049 elementa
862 2003 1037 2049 ratione
1083 2002 1429 2064 moi-pliologica
1474 2004 1595 2048 omni
1640 2018 1665 2048 a
1711 2009 1839 2063 parte

216 2072 475 2118 differentia
507 2086 607 2117 eam
644 2070 959 2116 tantummodo
998 2071 1057 2115 ol)
1098 2084 1285 2115 causam
1322 2083 1405 2128 pro
1436 2070 1644 2128 partibus
1678 2083 1839 2130 respe—

217 2145 292 2185 ctu
322 2139 645 2200 physiologice
691 2138 878 2198 paribus
924 2144 1132 2197 putasse,
1171 2135 1295 2195 quod
1327 2137 1442 2180 inter
1486 2151 1536 2182 se
1572 2136 1722 2182 vicina
1766 2143 1838 2181 at·-

216 2220 306 2267 que
339 2204 526 2252 finitima
561 2212 728 2251 essent.
799 2206 927 2250 Nunc
961 2210 1123 2257 autem,
1160 2217 1295 2263 quum
1331 2210 1614 2263 compertum
1650 2204 1727 2258 sit,
1767 2211 1839 2249 te-

214 2275 304 2320 lam
329 2274 666 2333 conjunctivam
693 2278 952 2318 centrorum
981 2285 1255 2317 nerveorum
1284 2277 1458 2331 partem
1484 2285 1601 2326 esse,
1636 2271 1695 2317 ad
1721 2271 1840 2317 hunc

217 2341 401 2403 quidem
438 2341 558 2386 diem
596 2341 864 2399 neglectam,
901 2339 1110 2400 quaestio
1147 2338 1206 2384 de
1247 2338 1372 2383 hisce
1403 2339 1639 2384 elementis
1674 2339 1839 2385 talibus

213 2409 374 2456 verbis
407 2407 735 2469 comprehendi
774 2415 948 2467 potest,
993 2421 1099 2452 num
1132 2406 1220 2451 ulla
1256 2420 1330 2451 res
1365 2407 1688 2452 necessitatem
1721 2406 1839 2451 affe—

216 2484 298 2532 rat,
332 2476 474 2523 fibras
510 2476 791 2536 gelatinosas
828 2490 853 2520 a
890 2473 1172 2520 substantiae
1198 2472 1409 2519 cinereae
1437 2474 1525 2518 tela
1550 2474 1837 2532 conjunctiva

215 2545 291 2591 vel
323 2551 537 2605 respectu
569 2543 773 2589 cheinico
816 2543 885 2588 vel
929 2541 1248 2603 physiologice
1292 2540 1599 2601 distinguendi
1645 2555 1700 2586 ac
1742 2539 1839 2586 dis-

216 2611 468 2658 cernendi?
1651 2648 1654 2650 .

355 2678 589 2739 Equidem,
627 2677 687 2721 uti
719 2677 812 2734 jam
850 2674 1098 2723 secundum
1125 2675 1479 2737 descriptionem
1512 2680 1747 2721 auctorum
1778 2674 1838 2721 de

214 2745 286 2794 his
318 2744 447 2792 fibris
491 2745 601 2792 satis
638 2744 1016 2790 consentientium
1061 2744 1195 2790 talem
1233 2744 1554 2788 necessitatem
1596 2741 1719 2788 haud
1750 2741 1837 2788 du-

215 2813 291 2859 bie
328 2812 586 2874 negandam
621 2824 726 2857 esse
764 2810 994 2866 duxerim,
1021 2811 1100 2867 ita,
1139 2817 1381 2872 postquam
1406 2810 1523 2855 illam
1558 2815 1755 2869 partem,
1791 2809 1836 2854 in

216 2895 307 2943 qua
340 2881 485 2928 fibrae
521 2882 636 2928 istae
666 2878 846 2925 minime
894 2893 995 2926 cum
1036 2880 1133 2926 aliis
1168 2878 1421 2940 permixtae
1453 2876 1642 2924 inveniri
1680 2875 1835 2940 perhi-

307 3028 373 3074 48)
418 3033 444 3066 1.
471 3040 504 3064 c.
528 3033 603 3067 Vol.
622 3035 670 3078 11,
695 3037 789 3076 parte
812 3036 859 3070 11.
900 3041 977 3075 pag.
1008 3031 1090 3069 660.
