1936 3281
877 185 1212 231 „14—

226 316 411 362 indicat.
493 315 709 362 Anterior
744 317 864 361 enim
911 315 1013 363 finis
1044 316 1222 362 luminis
1269 315 1439 360 sensim
1472 316 1517 360 in
1557 331 1743 361 crenam
1780 321 1852 361 te-

227 399 372 439 nuem,
400 384 651 429 inacutum
677 390 1010 438 excurrentem,
1037 383 1314 443 producitur,
1341 396 1471 441 quae,
1499 398 1590 443 quo
1616 384 1748 429 altius
1767 383 1853 429 ad-

228 451 470 506 scenderit,
510 466 566 496 eo
600 452 744 510 magis
780 451 839 496 ad
873 458 1049 511 partem
1083 451 1279 496 anticam
1316 449 1572 509 porrigitur,
1609 451 1716 496 dum
1749 450 1852 496 finis

226 520 458 580 posterior
492 519 589 579 pari
625 518 803 564 ratione
837 519 982 563 latera
1016 533 1180 564 versus
1214 516 1543 577 protenditur„
1573 533 1665 579 quo
1700 517 1769 573 fit,
1805 524 1853 563 ut

225 588 371 632 forma
413 588 607 632 exsistat
657 586 973 645 triangularis,
1028 586 1156 646 apice
1211 584 1270 629 ad
1320 585 1552 630 anteriora
1602 592 1852 645 spectante.

226 655 319 699 Tali
353 653 492 699 modo
542 654 767 699 lamellula
812 654 1019 707 cinerea,
1063 668 1181 713 quae
1213 666 1298 712 pro
1333 658 1454 697 tecto
1503 653 1736 698 canaliculi
1769 660 1852 708 est,

225 723 269 766 in
306 727 436 782 parte
472 721 623 766 media
661 727 832 781 aperta,
868 720 1065 780 indeque
1100 720 1249 779 magis
1295 719 1533 779 magisque
1568 720 1709 766 latera
1744 735 1853 767 ver-

227 804 311 843 sus·
341 789 599 843 recedente,
636 790 836 834 calamus
873 788 1140 848 scriptorius
1179 788 1347 832 initium
1383 787 1515 847 capit.

367 857 466 910 Quo
502 856 683 915 longius
718 871 800 920 per
835 861 1014 915 tempus
1060 860 1331 916 praeparata
1384 854 1501 900 acidi
1534 854 1750 900 chromici
1786 856 1854 899 ef-

223 926 344 968 fectu
380 923 590 969 indurata
626 930 763 983 atque
795 924 999 968 colorata
1039 923 1223 977 suerint,
1275 936 1332 968 eo
1380 922 1635 968 distinctius
1683 923 1853 968 canalis

225 990 487 1051 epithelium
523 992 567 1035 in
603 997 902 1051 conspectum
937 991 1071 1044 venit,
1109 990 1275 1044 annuli,
1314 1004 1592 1050 quamquam
1626 990 1762 1045 fusci,
1808 996 1854 1035 at

224 1058 467 1104 manifesto
511 1072 570 1103 ex
603 1059 791 1117 singulis
825 1059 997 1103 cellulis
1041 1058 1342 1118 cylindraceis
1386 1058 1628 1118 compositi
1660 1059 1853 1103 formam

224 1127 442 1180 referens,
470 1127 726 1185 lumenque
760 1126 878 1170 intus
911 1126 1127 1179 vestiens,
1160 1152 1224 1157 —
1262 1125 1307 1169 id
1339 1124 1464 1184 quod
1498 1130 1625 1170 tanto
1660 1131 1854 1185 apparet

225 1193 504 1249 evidentius,
562 1193 686 1253 quod
731 1207 886 1238 massa
942 1194 1126 1238 cinerea
1172 1192 1379 1252 proxime
1416 1192 1502 1237 sita
1547 1193 1853 1251 pelluciditate

227 1276 309 1307 sua
341 1276 479 1322 quam
515 1262 712 1306 maxime
748 1261 939 1306 excellit.
1011 1261 1192 1305 Partem
1233 1260 1518 1320 superiorem
1550 1273 1715 1305 versus
1759 1261 1853 1306 cel—

224 1330 343 1374 lulae
389 1328 672 1389 epitheliales
715 1335 761 1373 ct
801 1328 1037 1387 longiores
1074 1334 1119 1372 et
1152 1327 1385 1373 tenuiores
1430 1328 1577 1372 factae
1615 1323 1674 1372 ad
1710 1328 1852 1372 bacil—

225 1397 371 1441 lorum
427 1397 761 1442 similitudinem
817 1396 1067 1449 accedunt,
1128 1396 1203 1455 qui
1264 1395 1567 1441 substantiam
1621 1394 1852 1440 cineream

227 1478 393 1510 versus
429 1465 474 1508 in
506 1463 650 1509 fibras
685 1463 975 1509 tenuissimas
1010 1469 1191 1517 exeunt,
1231 1463 1275 1507 in
1313 1462 1496 1522 fineque
1522 1462 1668 1507 libero
1702 1462 1747 1507 in
1772 1477 1852 1508 ca-

226 1531 340 1577 nalis
377 1532 620 1577 cavitatem
654 1537 891 1592 spectante
944 1532 1210 1591 plerumque
1259 1531 1519 1591 complures
1557 1531 1746 1576 nucleos
1783 1531 1853 1575 of-

226 1600 386 1644 ferunt.
459 1600 639 1644 Canalis
675 1600 838 1652 lumen,
873 1598 998 1658 quod
1032 1600 1076 1643 in
1110 1597 1336 1643 nonnullis
1383 1598 1670 1657 praeparatis
1704 1598 1852 1642 metiri

227 1673 420 1712 conatus
456 1682 566 1722 sum,
603 1667 646 1711 in
681 1667 929 1726 superioris
963 1665 1338 1711 intumescentiae
1372 1665 1535 1709 vicinia
1568 1664 1851 1724 longitudine

229 1733 376 1789 0,05‘''‚
422 1734 657 1780 latitudine
705 1733 877 1788 0,0l(3“¹
912 1748 1031 1794 pan,
1082 1735 1218 1794 paulo
1267 1739 1371 1778 ante
1417 1732 1655 1778 ventriculi
1704 1733 1853 1793 quarti

226 1802 408 1857 initium,
448 1802 597 1862 apice,
636 1802 712 1862 qui
748 1801 807 1846 ad
839 1801 1069 1846 anteriora
1102 1799 1348 1861 procurrit,
1400 1799 1530 1846 simul
1576 1806 1850 1862 computato,

226 1869 509 1929 longitudine
545 1868 692 1924 025¹&
728 1869 962 1914 latitudine
997 1868 1133 1923 0,06‘''
1168 1883 1261 1929 par.
1294 1869 1519 1928 aequavit.

531 2030 580 2083 b.
630 2046 833 2084 massa
866 2029 1152 2099 informis
1194 2026 1549 2102 (formlosj.

363 2138 497 2193 Quod
543 2153 681 2198 supra
724 2139 819 2196 jam
863 2139 980 2192 dixi,
1027 2139 1311 2185 substantiae
1364 2140 1576 2184 cinereae
1608 2138 1852 2197 imaginem

227 2207 476 2253 admodum
510 2206 730 2251 incertam
767 2221 897 2261 esse,
941 2206 985 2251 id
1018 2208 1264 2267 praecipue
1301 2207 1360 2252 de
1398 2207 1655 2252 substantia
1686 2205 1851 2251 funda—

226 2274 421 2330 mentali,
457 2274 584 2331 cujus
621 2274 755 2334 copia
790 2275 927 2333 longe
962 2274 1159 2319 maxima
1196 2273 1447 2329 invenitur,
1490 2273 1733 2320 dicendum
1767 2279 1849 2327 est,
1891 2293 1894 2294 ⁷

226 2357 344 2403 quae
382 2312 638 2389 substantia
683 2342 814 2416 quasi
847 2357 930 2402 pro
967 2342 1099 2388 cubili
1132 2350 1204 2387 est
1237 2342 1477 2397 habenda,
1528 2342 1572 2386 in
1618 2355 1710 2402 quo
1756 2341 1852 2386 ele—

226 2416 378 2456 menta
415 2410 568 2470 specie
607 2410 754 2468 magis
787 2410 996 2455 minusve
1028 2424 1255 2470 expressa
1305 2410 1500 2469 insignia
1546 2411 1669 2456 velut
1704 2409 1851 2468 depo-

228 2479 313 2532 sita
349 2484 604 2523 cernantur
687 2477 885 2532 Etenim,
936 2479 1146 2537 quamtis
1194 2479 1391 2524 omnium
1442 2492 1599 2523 carum
1641 2475 1850 2537 partium,

226 2559 346 2606 quae
391 2545 579 2590 cellulae
628 2542 835 2590 fibraeve
884 2546 1104 2591 nominari
1154 2547 1353 2605 possint,
1403 2546 1600 2605 denique
1649 2543 1852 2590 omnium

228 2613 349 2658 telae
380 2613 573 2673 partium
605 2612 877 2658 certioribus
911 2613 1123 2659 limitibus
1160 2614 1602 2674 circumscriptarum
1626 2612 1852 2657 rationem

226 2694 321 2725 non
371 2680 583 2733 duxeris,
638 2685 789 2726 tamen
832 2680 1125 2727 nihilosecius
1171 2681 1426 2727 substantia
1474 2679 1700 2740 quaedam
1737 2693 1852 2724 con-

228 2748 386 2807 spicua
432 2748 719 2808 relinquitur,
771 2748 1064 2794 continuatim
1112 2763 1195 2809 per
1250 2762 1383 2794 omne
1427 2748 1621 2808 spatium
1654 2752 1850 2792 extensa

229 2820 366 2875 atque
396 2815 442 2860 in
484 2829 668 2861 massae
719 2815 898 2860 albidae
948 2817 1185 2862 interstitia
1231 2816 1471 2861 transiens.
1556 2814 1850 2861 Substantiae

229 2882 439 2928 cinereae
492 2889 780 2943 segmentum
829 2897 919 2943 quo
971 2885 1150 2930 tenuius
1201 2883 1344 2930 oculis
1396 2884 1610 2938 offertur,
1663 2894 1848 2942 quoque

227 2950 374 3010 magis
411 2949 580 3007 fibrae,
628 2951 675 2998 in
719 2950 1057 3001 diversissimas
1092 2952 1309 3013 regiones
1345 2957 1579 3007 extensae,
1614 2949 1847 3010 variisque
