1936 3281
778 205 1077 252 ...9.-

120 327 340 399 positum,
391 336 616 395 aequabili
662 336 802 381 modo
841 341 1124 391 extenuatur,
1177 336 1318 392 unde,
1370 339 1582 398 paulatim
1630 354 1737 386 sen-

121 403 542 464 simquevadaucta,
591 410 833 463 postquam
871 403 915 447 in
950 404 1070 458 loco,
1119 418 1177 448 cx
1217 419 1308 464 quo
1343 420 1513 451 nervus
1551 407 1737 466 spinalis

120 471 348 518 secundus
386 471 519 516 valde
565 485 749 516 crassus
785 470 1034 524 dimittitur,
1077 485 1296 515 summum
1341 473 1585 519 latitudinis
1629 489 1737 533 gra—

118 538 224 584 dum
264 538 419 596 attigit,
456 538 605 583 denuo
644 537 816 591 eadem,
854 552 944 596 qua
979 544 1094 590 ante,
1145 539 1465 597 aequabilitate
1502 556 1644 600 usque
1679 542 1738 589 ad

118 605 351 664 regionem
396 605 512 649 inter
558 619 727 649 nervos
774 605 970 664 spinales
1017 612 1225 663 quartum
1268 606 1561 666 quintumque
1607 609 1737 653 sitam

116 674 327 733 paulatim
376 679 643 717 attenuatur.
722 672 816 716 Hoc
859 672 960 715 loco
1001 672 1099 729 ejus
1136 672 1323 717 latitudo
1366 674 1461 718 fere
1509 674 1736 720 dimidiam

116 740 160 784 in
194 740 537 785 intumescentia
570 739 796 783 anteriore
834 738 1113 782 latitudinem
1146 746 1323 798 aequat.
1380 740 1590 786 Proxime
1616 756 1737 802 pone

115 807 234 852 hunc
283 809 431 852 locum
477 806 638 851 eadem
678 807 790 851 ratio
839 807 994 850 iterum
1030 806 1325 859 obsem‘atur,
1382 823 1471 867 qua
1508 809 1551 852 in
1588 823 1636 854 re
1669 811 1737 854 la-

115 874 286 919 tissima
330 874 702 919 intumescentiae
747 873 950 932 posticae
1001 874 1151 933 portio
1193 875 1320 918 nervi
1359 874 1544 934 spinalis
1587 877 1735 921 octavi

116 941 344 987 radicibus
390 940 648 1001 respondet.
731 941 839 985 Post
886 941 1028 999 ipsum
1079 956 1268 986 nervum
1315 941 1539 988 decimum
1592 958 1735 990 conus

113 1008 397 1062 medullaris,
445 1008 594 1053 subito
640 1007 873 1052 latitudine
911 1007 1190 1061 deminutus,
1240 1009 1282 1052 in
1332 1008 1451 1054 filum
1502 1011 1736 1057 terminale

113 1076 342 1121 cinereum
379 1076 602 1134 melleque
638 1081 682 1117 et
716 1074 758 1117 in
795 1074 973 1131 longius
1007 1081 1261 1119 extractum
1296 1077 1467 1121 transit.
1532 1077 1735 1123 Mensio-

114 1157 195 1187 nes
246 1143 288 1186 in
341 1156 507 1200 magno
562 1141 761 1201 quodam
812 1142 1061 1200 exemplari
1109 1157 1134 1186 a
1186 1157 1255 1187 me
1308 1144 1538 1188 institutae
1593 1151 1734 1191 totum

111 1209 350 1254 funiculum
383 1209 488 1254 inde
533 1224 557 1253 a
594 1209 823 1253 cerebello
860 1223 1004 1267 usque
1049 1209 1106 1253 ad
1154 1208 1212 1253 fili
1257 1211 1424 1255 initium
1466 1213 1589 1257 ⁶19¹¹¹¹¹¹·
1627 1227 1733 1257 esse

111 1276 376 1330 docuerunt,
411 1275 734 1321 constrictione
771 1275 885 1319 inter
916 1291 1086 1321 nervos
1123 1278 1321 1336 spinales
1356 1284 1563 1337 quartum
1601 1280 1734 1339 quin—

111 1351 294 1403 tumque
355 1344 398 1388 in
457 1346 555 1404 ipsa
613 1349 741 1402 parte
803 1343 950 1388 media
1006 1344 1166 1403 posita.
1256 1346 1413 1404 Neque
1472 1346 1619 1391 minor
1674 1346 1732 1391 fili

113 1411 357 1456 terminalis
409 1412 452 1455 in
509 1416 704 1469 angusto
759 1411 878 1455 ossis
944 1410 1158 1471 coccygis
1217 1413 1466 1458 canaliculo
1524 1415 1733 1459 extensio

112 1479 397 1523 cernebatur.

249 1547 418 1591 Decem
453 1559 697 1591 nervorum
738 1545 862 1605 paria
901 1545 1084 1590 omnino
1123 1547 1371 1606 conspicua
1408 1554 1543 1608 atque
1585 1549 1732 1593 mani-

112 1613 226 1657 festa
272 1627 298 1657 a
347 1612 542 1658 medulla
594 1613 840 1672 prodeunt,
890 1627 1081 1671 quorum
1139 1614 1409 1667 secundum,
1458 1615 1732 1660 extremitati

112 1680 334 1739 superiori
370 1680 655 1734 destinatum,
701 1679 864 1725 ceteris
900 1680 1031 1725 latius
1071 1687 1151 1725 est.
1224 1681 1355 1734 Quod
1395 1682 1583 1736 deinde,
1630 1683 1732 1728 lati-

111 1746 314 1792 tudinem
357 1748 393 1793 si
444 1748 684 1807 respicias,
735 1749 859 1807 paria
906 1748 1164 1806 septimum,
1214 1755 1426 1794 octavum
1474 1757 1519 1794 et
1564 1764 1733 1795 nonum

113 1821 382 1872 sequuntur,
441 1815 557 1858 inter
603 1828 707 1859 sese
765 1815 874 1859 satis
932 1829 1090 1874 acqua.
1178 1817 1364 1860 Praeter
1423 1816 1508 1860 hos
1561 1831 1732 1862 nervos

113 1881 274 1937 Buch'e
295 1880 343 1942 3)
391 1882 473 1926 tria
511 1881 827 1926 animadvertit
868 1882 951 1925 alia
990 1896 1234 1927 nervorum
1279 1884 1404 1942 paria
1442 1884 1661 1938 tenuium,
1706 1899 1732 1929 e

111 1947 186 1992 filo
212 1949 431 1994 terminali
467 1949 739 1993 exeuntium.
799 1952 1000 2002 Quorum
1032 1949 1123 1993 duo
1158 1950 1262 1993 milii
1294 1965 1475 2010 quoquo
1509 1951 1733 1996 interdum

112 2014 265 2060 oblata
299 2022 370 2061 est
406 2016 588 2060 occasio
623 2022 748 2060 certo
789 2016 1112 2075 cognoscendi,
1152 2017 1282 2061 tertio
1321 2024 1470 2062 tamen
1502 2033 1733 2078 nunquam

110 2082 308 2127 invento.
378 2083 586 2128 Ceterum
618 2083 661 2127 hi
696 2084 820 2127 nervi
859 2083 975 2128 adeo
1012 2091 1114 2128 sunt
1149 2085 1336 2129 subtiles
1374 2091 1638 2145 tenuesque,
1673 2092 1731 2140 ut,

110 2149 414 2210 microscopio
454 2150 635 2195 demum
673 2150 900 2203 adhibito,
942 2158 1067 2195 certo
1107 2152 1211 2195 mihi
1255 2152 1533 2211 persuadere
1570 2160 1734 2212 potue-

113 2216 205 2270 rim,
242 2231 290 2260 re
316 2231 426 2263 vera
458 2218 690 2270 funiculos,
724 2232 749 2261 e
782 2218 946 2262 tubulis
984 2219 1162 2263 ncrveis
1196 2219 1309 2272 latis,
1343 2219 1585 2265 medullam
1621 2235 1733 2266 con-

113 2283 358 2328 tinentibus
411 2285 711 2344 compositos,
762 2299 910 2343 neque
962 2287 1078 2328 sorte
1128 2286 1228 2344 piae
1274 2287 1430 2330 matris
1474 2286 1545 2331 fila
1592 2289 1733 2333 oculis

113 2349 365 2395 obversari.
452 2352 503 2394 Hi
558 2352 685 2395 nerii
746 2358 895 2394 tamen
955 2352 1213 2410 neutiquam
1273 2352 1315 2395 in
1374 2352 1431 2396 lili
1486 2355 1733 2400 terminalis

111 2431 309 2462 massam
349 2432 494 2476 aequo
533 2432 586 2462 ae
624 2418 750 2461 nervi
787 2419 984 2477 spinales
1022 2420 1158 2463 ceteri
1198 2420 1239 2462 in
1279 2419 1521 2464 medullam
1553 2421 1732 2476 intrant,

115 2483 198 2528 scd
235 2485 385 2543 potins
420 2486 463 2528 in
499 2485 600 2543 piae
636 2485 791 2529 matris
826 2486 1002 2543 vagina,
1041 2485 1097 2530 ad
1131 2486 1358 2531 cineream
1394 2485 1452 2531 fili
1490 2489 1734 2535 terminalis

114 2565 313 2596 massam
351 2565 401 2596 se
431 2551 570 2596 modo
604 2552 894 2611 applicantes,
934 2567 1077 2612 usque
1112 2553 1169 2598 ad
1203 2568 1384 2600 massae
1417 2554 1597 2607 albidae
1632 2556 1656 2600 i.
1694 2571 1731 2601 e.

113 2617 337 2664 medullae
376 2619 517 2679 ipsius
552 2619 676 2663 initia
712 2634 889 2664 sursum
928 2620 1244 2674 extenduntur,
1290 2635 1380 2681 quo
1416 2621 1597 2667 demum
1630 2624 1732 2669 loco

115 2685 245 2730 simul
284 2700 383 2731 cum
418 2701 562 2731 nervo
602 2687 761 2746 spinali
797 2686 973 2731 decimo
1008 2688 1051 2731 in
1084 2688 1326 2733 medullam
1360 2689 1631 2736 inseruntur.
1666 2717 1729 2723 ——

114 2752 240 2806 Quae
264 2753 402 2798 modo
435 2754 639 2808 diximus,
676 2768 786 2798 xera
822 2768 937 2808 esse,
976 2754 1079 2800 inde
1115 2763 1317 2825 apparet,
1355 2756 1490 2815 quod,
1528 2758 1563 2804 si
1597 2773 1732 2818 quam

205 2919 248 2964 3)
298 2924 404 2954 Ueber
442 2925 504 2953 den
546 2921 686 2953 Vei-lauf
722 2924 778 2952 (ter
814 2923 1056 2957 Nervenfasern
1099 2922 1143 2956 im
1183 2926 1413 2956 mickenmark
1452 2927 1511 2956 des
1551 2927 1728 2957 Frosches.

115 2974 279 3012 Mimers
302 2981 405 3012 Aren.
437 2977 538 3011 1844.
587 2987 666 3018 pag.
697 2976 775 3012 164.
