1991 3270
850 214 1189 259 ...36-....

210 361 297 395 nec
343 362 435 393 non
477 362 695 392 vasorum
744 348 1011 407 complexus
1057 352 1338 392 sustentetur
1373 361 1426 393 ac
1473 349 1700 408 positione
1746 362 1829 393 sua

210 415 507 462 contineatur.
579 415 627 459 In
662 413 800 469 libris,
839 428 957 474 quos
994 412 1121 459 adire
1154 412 1261 458 mihi
1287 414 1420 469 licuit,
1459 430 1681 475 nusquam
1715 414 1831 459 haec

208 497 365 530 massa
417 482 622 528 informis
675 482 831 527 verbis
899 480 1083 527 disertis
1137 482 1374 541 planisque
1434 487 1830 535 commemoratur,

209 565 484 611 quamquam
522 563 613 595 non
648 548 835 598 desunt,
891 549 965 608 qui
1002 562 1103 594 eam
1149 555 1334 594 exstare
1371 550 1668 609 suspicentur.
1742 549 1828 602 Sic,

207 624 258 664 ut
286 619 499 679 exemplo
533 623 656 671 utar,
703 614 1110 676 Blattmcmnw).
1135 630 1183 661 se
1222 615 1466 662 adductum
1501 630 1607 662 esse
1647 618 1728 671 ait,
1783 623 1831 661 ut

206 700 410 732 massam
454 691 680 731 structura
723 690 974 736 carentem,
1012 697 1130 743 quae
1167 697 1248 743 pro
1295 683 1591 729 fundamento
1625 684 1699 738 sit,
1752 699 1830 729 su-

205 759 311 808 mat,
349 754 525 798 etiamsi
558 752 642 812 ipsi
681 752 724 796 in
759 757 1055 810 conspectum
1089 765 1181 796 nou
1217 751 1400 796 venerit.
1482 751 1651 796 Contra
1689 764 1743 796 ea
1781 765 1831 796 se

207 835 436 876 „massam
495 822 667 865 fuscam
723 822 1091 878 granosamquef‘
1145 818 1315 864 xidisse
1369 825 1536 864 narrat.
1627 818 1710 872 Qui
1764 818 1833 862 vir

207 887 500 934 doctissimus
555 889 590 932 si
635 886 832 931 medulla
883 901 994 931 usus
1034 892 1161 930 esset
1212 885 1440 941 indurata,
1492 900 1642 946 eoque
1691 884 1831 930 modo

206 969 417 1010 massam,
455 969 591 1015 quam
621 954 728 999 dicit
764 955 937 998 fuscam
972 966 1333 1013 granosamque,
1387 954 1427 998 in
1478 953 1727 1012 segmentis
1761 959 1831 997 te-

204 1023 371 1068 nuibus
407 1021 734 1083 pellucidisque
760 1020 1113 1074 considerasset,
1154 1035 1254 1065 eam
1291 1020 1482 1066 vidisset
1508 1028 1697 1067 stratum
1723 1034 1829 1066 esse

206 1090 468 1150 aequabile,
507 1088 679 1134 cellulis
715 1089 963 1148 granisque
1011 1088 1220 1133 tenuibus
1258 1088 1467 1133 obsitum.
1549 1089 1724 1133 Pariter
1770 1102 1829 1133 ex

207 1157 399 1203 aliorum
430 1170 616 1217 quoque
660 1156 1011 1201 observatorum
1051 1154 1436 1215 descriptionibus
1477 1156 1606 1201 facile
1652 1169 1831 1214 cogno-

207 1238 335 1279 scas,
377 1238 485 1278 eos,
538 1223 746 1283 quamvis
791 1237 879 1268 non
917 1223 1088 1267 diserte
1127 1224 1375 1273 retulerint,
1431 1230 1615 1283 praeter
1648 1223 1830 1269 cellulas

203 1292 514 1353 plurimasque
548 1290 690 1336 fibras
725 1297 885 1335 tenues
923 1289 1114 1350 pallidas
1151 1290 1271 1335 aliud
1321 1289 1537 1351 quiddam
1584 1291 1825 1344 invenisse,

205 1359 331 1419 quod
367 1365 519 1404 tamen
563 1358 748 1417 dignum
784 1373 876 1403 non
913 1358 968 1403 sit
1004 1358 1171 1411 visum,
1218 1358 1285 1402 rui
1336 1358 1469 1403 animi
1519 1359 1706 1404 attentio
1742 1357 1827 1403 ad-

201 1432 473 1473 verteretur.
546 1427 768 1486 Exemplo
806 1426 863 1471 sit
896 1425 1145 1485 descriptio
1195 1432 1449 1471 structurae
1486 1423 1546 1470 fili
1581 1425 1826 1471 terminalis

205 1507 232 1539 a
289 1492 613 1555 Kallikerffl)
674 1493 923 1554 proposita.
1021 1492 1232 1538 Similiter
1288 1493 1543 1539 substantia
1605 1493 1828 1539 subtiliter

203 1563 464 1621 granulata,
511 1576 647 1621 quam
688 1559 940 1621 flentem)
981 1561 1025 1605 in
1069 1560 1246 1605 cerebri
1281 1568 1423 1607 strato
1470 1561 1669 1605 corticali
1717 1575 1742 1605 a
1776 1574 1825 1605 se

202 1636 433 1690 repertam
460 1643 566 1675 esse
603 1635 768 1683 narrat,
786 1629 861 1673 vix
897 1628 980 1673 alia
1022 1628 1161 1673 fuisse
1192 1628 1381 1682 videtur,
1422 1628 1506 1673 nisi
1540 1642 1693 1673 massa
1724 1628 1826 1673 fun-

202 1695 487 1742 damentalis.
559 1697 624 1741 Ac
657 1711 706 1741 re
735 1710 845 1741 vera
883 1696 1001 1740 tilum
1039 1695 1284 1746 terminale,
1322 1695 1591 1756 praesertim
1630 1697 1674 1740 in
1708 1701 1828 1740 statu

201 1765 397 1819 recenti,
433 1764 714 1825 aptissimum
747 1770 838 1817 est,
886 1764 928 1808 iu
973 1778 1064 1822 quo
1102 1763 1218 1808 hanc
1268 1777 1470 1808 massam
1509 1769 1695 1808 exstare
1743 1761 1827 1807 de-

200 1838 492 1878 monstretur.
564 1833 770 1892 Namque
806 1830 878 1875 hic
915 1831 1112 1875 omnium
1144 1831 1325 1875 minime
1364 1830 1521 1884 fibrae,
1555 1831 1651 1876 sive
1689 1843 1826 1875 verae

204 1906 310 1946 sunt
351 1900 449 1945 sive
491 1900 616 1960 plicis
664 1899 918 1952 simulatae,
954 1898 1220 1958 impediunt,
1260 1913 1315 1943 ne
1352 1913 1551 1944 massam
1589 1898 1826 1958 aequalem

201 1980 310 2013 esse
354 1967 618 2027 perspicias.
692 1968 847 2026 ltaque
894 1965 1015 2011 tenui
1063 1967 1259 2011 recentis
1306 1965 1363 2010 fili
1403 1966 1650 2011 terminalis
1686 1965 1827 2024 parti-

202 2035 304 2079 cula
338 2035 457 2078 vitro
491 2048 565 2079 res
598 2033 902 2092 microscopio
948 2033 1279 2078 submittendas
1314 2033 1474 2077 serenti
1512 2032 1741 2092 imposita,
1790 2031 1826 2077 si

201 2100 264 2147 ad
319 2101 588 2146 lamellulam
647 2101 941 2159 obtegentem
997 2100 1214 2145 leniorem
1271 2099 1535 2145 exhibueris
1596 2113 1825 2159 pressum,

201 2169 401 2228 gelatina
453 2169 700 2222 mollicula,
768 2168 964 2212 maxima
1022 2182 1082 2228 ex.
1140 2173 1268 2227 parte
1323 2167 1597 2227 aequabilis,
1656 2166 1828 2212 cellulis

198 2236 454 2283 minoribus
491 2234 811 2289 subrotundis,
856 2234 1231 2294 quae'limitibus
1277 2235 1423 2280 minus
1469 2234 1693 2280 distinctis
1738 2234 1827 2278 cir-

200 2304 505 2364 cumscriptae
547 2310 673 2358 sunt,
722 2303 894 2356 obsita,
937 2302 1007 2346 hic
1050 2302 1135 2347 illie
1169 2302 1296 2348 fibris
1333 2302 1543 2347 solitariis
1576 2307 1825 2361 penetrata,

201 2372 346 2417 oculis
384 2372 668 2416 offertur.—-
695 2370 915 2430 Equidem
947 2369 1300 2430 haudquaquam
1336 2383 1513 2423 vereor,
1549 2383 1607 2414 ne
1641 2375 1827 2414 senten-

201 2439 288 2485 tias
332 2438 471 2483 hodie
510 2439 707 2483 maxime
755 2437 1014 2497 divulgatas
1058 2438 1371 2497 probatasque
1413 2437 1544 2482 nimis
1580 2435 1824 2490 offendam,

200 2520 322 2552 neve
361 2505 541 2564 judiciis
578 2505 904 2566 praesumptis,
954 2519 1073 2564 quae
1120 2505 1442 2565 insuperabilia
1487 2504 1701 2561 objiciant
1739 2503 1826 2548 ob-

200 2574 387 2627 stacula,
423 2587 681 2627 occurram,
731 2573 766 2618 si
803 2573 877 2617 vel
908 2572 966 2616 ab
1002 2572 1125 2617 initio
1162 2572 1280 2617 hanc
1315 2586 1535 2625 massam,
1585 2570 1704 2615 nulla
1739 2569 1825 2615 alia

200 2640 421 2700 dignitate
477 2639 793 2700 physiologica
842 2640 882 2685 ei
928 2639 1166 2695 attributa,
1225 2639 1485 2700 simpliciter
1541 2636 1824 2683 contendero

201 2708 359 2753 telae
432 2708 841 2766 conjunctivae
905 2708 1112 2753 natura
1178 2708 1518 2753 instructam
1580 2717 1720 2750 esse.
1758 2730 1825 2737 —-

291 2883 361 2926 26)
410 2887 434 2916 1.
463 2895 491 2917 c.
518 2893 597 2922 pag.
623 2884 681 2918 28.

291 2939 358 2983 27)
408 2944 434 2973 l.
464 2952 495 2976 c,
523 2943 598 2973 vol.
628 2945 674 2984 11,
702 2945 793 2979 parte
821 2945 847 2975 Ι.
900 2950 978 2981 pag.
1006 2939 1087 2978 423.

293 2994 361 3041 28)
410 3000 434 3036 lv
461 3007 494 3035 e·
521 3005 597 3041 pag.
626 2995 707 3046 674,
