1991 3270
865 247 1202 293 ...46-

226 381 445 428 directum
482 383 726 427 alterarum
771 382 815 426 in
851 381 1020 426 alteras
1058 381 1296 426 transitum
1333 386 1543 426 statuere.
1618 378 1758 426 Aliter
1792 382 1843 426 cl.

225 449 418 509 Stilliny
443 449 629 507 judicat,
663 448 737 508 qui
770 448 951 508 quidem
986 449 1031 492 in
1058 448 1269 493 omnibus
1304 448 1510 494 funiculis
1547 447 1846 493 animadverti

227 531 369 576 posse
406 517 478 571 ait,
515 522 561 561 et
592 514 736 561 fibras
767 515 1120 575 longitudinales
1156 515 1284 560 albas
1322 515 1365 558 in
1402 515 1685 561 substantiae
1721 515 1847 561 cine-

226 598 334 628 reae
368 583 509 629 fibras
545 590 838 629 transversas
872 590 917 628 et
950 583 1050 628 vice
1087 597 1224 628 versa
1264 581 1447 627 reflecti.

365 650 759 705 Quemadmodum
801 651 893 709 jam
941 665 1080 710 supra
1136 650 1416 704 monuimus,
1461 649 1607 694 nullus
1650 648 1848 694 euchiri-

225 717 404 763 diorum
438 719 749 779 librorumque
788 717 1094 777 singularium,
1142 731 1260 777 quae
1295 716 1353 762 de
1389 717 1475 761 hac
1513 717 1704 761 materia
1730 723 1844 771 sunt,

225 792 396 840 auctor,
431 792 628 846 excepto
662 787 865 842 Arnold,
903 785 961 830 ad
996 784 1180 829 modum
1218 791 1353 844 atque
1380 785 1615 838 rationem,
1648 798 1739 844 qua
1773 784 1848 844 pia

222 859 368 898 mater
404 853 691 899 substantiae
740 854 952 898 cinereae
989 853 1033 896 in
1068 851 1207 897 fundo
1249 852 1358 897 sulci
1394 852 1635 897 anterioris
1670 852 1849 896 insere-

224 926 349 965 retur
375 920 527 980 ibique
565 920 904 975 extenderetur,
939 920 1072 965 animi
1106 920 1401 964 attentionem
1428 919 1663 964 convertit.
1707 918 1848 978 Equi-

224 987 330 1032 dem
366 1002 468 1047 pag.
509 986 597 1042 24,
642 1003 732 1048 quo
777 989 880 1033 loco
924 987 1042 1033 hanc
1083 988 1303 1032 rationem
1347 986 1593 1046 descripsi,
1628 985 1848 1044 majorem

223 1060 446 1100 tractuum
482 1054 700 1100 fibrarum
736 1070 974 1116 numerum
1012 1056 1131 1099 facta
1169 1054 1492 1100 decussatione
1526 1054 1570 1097 in
1606 1055 1709 1114 piae
1748 1067 1848 1098 ma-

223 1122 303 1167 tris
338 1136 607 1182 processum
645 1122 840 1167 transire
880 1122 1215 1177 demonstravi,
1258 1122 1479 1181 simulque
1525 1120 1741 1166 fibrarum
1778 1121 1847 1165 in—

224 1195 294 1232 ter
332 1203 382 1233 se
419 1189 767 1234 decussatarum
810 1191 954 1234 lineas
991 1197 1222 1234 extremas
1266 1203 1535 1248 processum
1579 1189 1699 1234 illum
1732 1188 1848 1232 limi-

224 1263 334 1311 tare,
371 1270 425 1301 ac
461 1256 658 1316 denique
685 1258 726 1301 in
762 1256 972 1302 laminam
1008 1256 1108 1316 piae
1144 1257 1302 1302 matris
1337 1256 1612 1301 exteriorem
1639 1256 1845 1310 transire,

156 1319 159 1321 ’
223 1322 376 1383 ibique
408 1324 453 1368 in
491 1324 656 1370 lamina
688 1331 881 1370 extensa
922 1338 1072 1384 eoque
1109 1324 1338 1383 laevigata
1373 1338 1563 1383 prorsus
1589 1337 1846 1369 evanesce·-

224 1405 273 1434 re
310 1391 445 1436 docui
1270 1432 1274 1435 .

356 1458 435 1503 His
469 1459 738 1518 explanatis,
777 1457 918 1504 fibras
954 1473 1152 1504 nerveas
1187 1460 1395 1503 cinereas
1431 1459 1473 1503 in
1511 1458 1845 1504 decussationis

223 1525 465 1571 fasciculos
497 1525 768 1586 dispositas,
809 1525 867 1571 de
902 1527 1067 1587 quibus
1102 1533 1193 1571 tam
1228 1526 1414 1570 multum
1450 1525 1726 1585 disputatum
1761 1532 1843 1580 est,

224 1606 316 1636 non
349 1607 455 1638 esse
498 1594 582 1638 nisi
626 1594 727 1654 piae
766 1593 924 1639 matris
977 1608 1249 1654 processus,
1298 1594 1408 1639 satis
1461 1593 1730 1653 coarguisse
1774 1594 1844 1637 vi-

224 1659 349 1705 deor.
420 1661 692 1719 Regularem
741 1675 897 1706 earum
942 1661 1311 1707 decussationem
1355 1661 1399 1705 in
1445 1661 1554 1706 sulci
1604 1661 1843 1706 anterioris

222 1726 362 1772 fundo
397 1727 563 1773 factam
598 1728 703 1773 inde
750 1728 856 1773 oriri
892 1729 1105 1783 vidimus,
1146 1728 1270 1788 quod
1318 1728 1404 1773 hae
1449 1728 1552 1788 piae
1586 1729 1742 1774 matris
1775 1729 1843 1773 la-

221 1795 404 1849 mellae,
450 1810 586 1855 quum
627 1797 797 1840 alterae
837 1810 862 1841 a
899 1796 1093 1842 dextero
1140 1811 1389 1856 processus
1434 1796 1574 1840 latere
1623 1795 1843 1841 oriundae

221 1862 266 1906 in
291 1877 492 1907 massam
527 1863 754 1908 cineream
787 1863 1026 1918 sinistram,
1061 1864 1233 1909 alterae
1270 1878 1295 1908 e
1334 1862 1517 1908 sinistro
1549 1864 1693 1908 latere
1733 1877 1843 1923 pro—

221 1930 369 1975 fectae
395 1930 437 1973 iu
465 1929 674 1975 dextram
707 1937 1005 1986 verterentur,
1034 1931 1151 1975 inter
1176 1945 1226 1977 se
1261 1931 1561 1976 miscerentur
1594 1937 1731 1991 atque
1760 1931 1843 1975 im-

220 1996 507 2056 plicarentur.
579 1998 785 2058 Denique
819 1998 961 2043 lineas
994 2013 1051 2043 ex
1089 1998 1175 2043 hoc
1214 1998 1549 2044 decussationis
1576 1999 1677 2043 loco
1703 1999 1746 2042 in
1771 1999 1842 2043 fu-

219 2064 395 2109 niculos
430 2065 686 2109 anteriores
718 2071 958 2124 porrectas
993 2079 1280 2124 nequaquam
1316 2064 1533 2109 fibrarum
1560 2066 1841 2110 cinerearum

220 2144 326 2176 esse
353 2131 649 2185 ostendimus,
688 2146 805 2191 quae
842 2133 986 2176 form-21
1024 2131 1239 2177 fibrarum
1273 2131 1525 2177 albidarum
1552 2147 1730 2182 sursum
1758 2132 1842 2178 ad—

222 2197 506 2252 scenderent,
543 2198 627 2243 sed
661 2200 832 2258 pariter
868 2206 1003 2259 atque
1041 2206 1210 2245 tractus
1247 2200 1607 2246 semicirculares
1642 2214 1842 2260 symme-

221 2265 360 2309 tricos
397 2265 442 2308 in
477 2265 731 2311 substantia
768 2267 950 2311 cinerea
988 2266 1152 2311 obvios
1188 2267 1287 2327 piae
1334 2268 1491 2312 matris
1526 2268 1715 2312 lamellis
1748 2268 1841 2313 ori-

220 2332 370 2390 ginem
404 2331 589 2377 debere.
661 2334 818 2393 Itaque
850 2340 1022 2379 certum
1059 2341 1195 2393 atque
1240 2336 1525 2394 exploratum
1568 2342 1649 2390 est,
1698 2334 1840 2380 fibra-

220 2414 317 2443 rum
355 2399 652 2455 cinerearum,
689 2415 803 2460 quas
841 2408 1053 2446 auctores
1090 2401 1321 2457 dixerunt,
1369 2408 1545 2462 partem
1583 2401 1706 2447 haud
1741 2401 1840 2448 exi-

220 2481 356 2525 guam
389 2481 448 2511 ex
483 2467 572 2512 tela
606 2468 894 2525 conjunctiva
930 2468 1197 2514 consistere.

355 2534 592 2588 Ceterum,
639 2535 727 2579 hoc
763 2536 798 2580 si
850 2535 1009 2595 posui,
1056 2550 1129 2580 me
1164 2536 1426 2596 neutiquam
1462 2550 1633 2596 negare
1680 2542 1838 2580 veram

218 2614 438 2645 nerveam
472 2602 816 2647 commissuram
858 2603 901 2647 in
936 2602 1098 2648 eadem
1135 2605 1324 2662 regione
1359 2603 1549 2658 adesse,
1598 2602 1675 2647 vix
1721 2613 1837 2663 opus

217 2666 409 2721 videtur,
448 2673 496 2711 ut
532 2667 739 2715 dissertis
777 2670 934 2714 verbis
976 2670 1262 2716 admoneam.
1334 2671 1370 2716 E
1402 2670 1657 2724 contrario,
1696 2669 1834 2724 fibris,

219 2748 336 2794 quae
372 2735 597 2795 utrimque
644 2750 670 2780 e
708 2736 994 2795 gangliorum
1032 2744 1217 2784 caterva
1260 2738 1303 2783 in
1349 2737 1531 2797 planitie
1567 2737 1836 2782 horizontali

221 2801 279 2846 ad
303 2801 467 2847 lineam
500 2802 695 2848 mediam
728 2809 772 2848 et
804 2805 919 2848 ultra
953 2818 1055 2848 eam
1091 2805 1308 2850 arcuatim
1334 2804 1590 2860 decurrunt,
1627 2804 1833 2859 inventis,

219 2870 354 2913 talem
391 2869 735 2915 commissuram
773 2877 959 2916 exstare
1004 2886 1125 2917 nunc
1159 2871 1440 2916 manifestius
1486 2879 1558 2917 est
1595 2873 1834 2932 magisque

220 2942 447 2995 apertum,
487 2951 624 2998 quam
655 2951 853 2997 unquam
889 2944 1024 2984 antea
1058 2940 1148 2984 fuit.
1220 2938 1347 2992 Quae
1380 2937 1528 2984 fibrae
1562 2945 1713 2985 tamen
1748 2953 1834 2984 nec

220 3002 502 3062 gelatinosae
567 3011 671 3051 suut
725 3018 811 3050 nec
868 3004 989 3052 latae
1045 3005 1241 3052 medulla
1295 3006 1535 3067 impletae,
1596 3006 1681 3054 sed
1724 3005 1833 3053 nudi
