1991 3270
863 207 1199 259 ...44-

220 348 310 392 mul
355 360 457 391 cum
502 350 741 403 segmento
789 341 1023 389 medullari
1072 356 1155 403 per
1195 342 1410 390 horarum
1459 346 1588 391 2—-3
1646 346 1838 405 spatium

220 418 379 458 coctae
415 418 583 465 essent,
623 426 716 456 non
749 412 895 456 solum
930 409 1072 455 fibras
1111 410 1348 464 elasticas,
1385 424 1543 456 verum
1578 411 1711 457 etiam
1744 413 1840 457 for—

218 494 317 526 mas
361 480 618 533 cellulares‚
672 478 873 524 nondum
925 477 984 522 ad
1020 477 1140 522 hunc
1181 477 1455 522 evolutionis
1495 479 1686 537 gradum
1732 493 1840 539 pro-

219 554 399 601 vectas,
449 559 615 606 nempe
647 546 766 591 telae
813 545 1131 602 conjunctivae
1173 545 1443 605 corpuscula
1488 545 1637 604 longis
1682 546 1841 592 caudis

219 616 462 668 instructa,
508 613 591 676 sed
628 613 746 657 inter
778 613 987 658 nucleum
1035 612 1441 672 membranamque
1478 613 1734 659 cellularem
1771 614 1841 658 in—

219 682 459 728 terstitium
508 680 822 733 ostendentia,
873 680 1115 724 manifesto
1162 679 1205 723 in
1254 685 1550 740 conspectum
1604 680 1841 727 dederunt.

221 749 500 809 Corpuscula
534 748 651 793 telae
686 747 1003 805 conjunctivae
1044 746 1341 801 subrotunda,
1382 746 1532 806 qualia
1557 747 1600 792 in
1627 748 1843 793 substan-

219 817 281 861 tia
314 816 496 861 cinerea
528 813 1020 875 deprehendebantur,
1056 827 1147 858 non
1189 819 1293 858 sunt
1328 814 1533 868 inventa,
1582 829 1674 875 quo
1712 814 1842 869 adde,

220 882 345 944 quod
381 883 545 928 horum
581 883 912 927 elementorum
948 880 1247 925 caudatorum
1286 881 1522 927 multitudo
1557 882 1600 926 in
1635 881 1709 942 pia
1745 897 1844 928 ma—

221 957 289 996 tre
322 950 552 1010 aliquanto
587 950 735 994 minor
768 948 1055 993 cernebatur.
1128 948 1252 1001 Quas
1279 949 1339 993 ob
1373 963 1538 995 causas
1564 950 1846 995 substantiae

222 1018 432 1063 cinereae
476 1017 611 1062 telam
644 1016 989 1073 conjunctivam,
1025 1016 1062 1060 si
1105 1029 1205 1061 cum
1250 1015 1325 1075 pia
1363 1023 1508 1062 matre
1542 1024 1843 1077 comparetur,

220 1085 433 1130 inferiore
465 1084 738 1129 evolutionis
776 1083 923 1141 gradu
957 1083 1151 1142 positam
1182 1096 1289 1128 esse
1314 1084 1576 1129 existimare
1602 1086 1843 1145 possimuS‚

220 1153 387 1212 quippe
421 1152 466 1196 in
492 1165 582 1210 qua
607 1151 794 1195 cellulae
831 1156 877 1195 et
912 1164 1101 1195 numero
1135 1151 1272 1209 longe
1306 1158 1544 1211 praestent
1576 1158 1622 1197 et
1655 1153 1845 1197 somnam

222 1217 553 1265 subrotundam
590 1232 701 1277 prae
736 1231 785 1262 se
826 1218 984 1263 ferant.

875 1340 931 1379 3.
954 1336 1196 1394 fibrae.

361 1431 408 1476 In
457 1429 666 1490 sequenti
711 1428 1093 1488 contemplatione
1141 1443 1278 1488 quum
1327 1426 1371 1473 id
1422 1434 1606 1487 agatur,
1644 1436 1703 1484 ut,
1738 1431 1846 1491 quid

223 1504 566 1557 segmentorum
619 1503 993 1541 transversorum
1036 1495 1377 1556 disquisitiones
1425 1510 1514 1556 ope
1559 1498 1846 1560 microscopii

220 1565 451 1610 factitatae
485 1564 542 1610 de
576 1562 705 1609 fibris
739 1563 1019 1622 gelatinosis,
1054 1578 1170 1623 quas
1196 1569 1409 1609 auctores
1443 1564 1650 1611 cinei-eas
1687 1567 1845 1627 appel—

220 1634 316 1677 lare
352 1633 511 1687 solent,
548 1631 800 1685 docuerint,
841 1630 1099 1689 diligentius
1135 1630 1479 1684 consideretur,
1516 1633 1715 1677 omnium
1750 1633 1844 1694 pri-

219 1715 340 1746 mum
373 1699 433 1745 ad
470 1714 552 1744 eas
578 1698 797 1744 fibrarum
822 1698 996 1743 illarum
1033 1698 1229 1743 animum
1265 1697 1507 1743 advertere
1543 1699 1687 1754 liceat,
1726 1716 1845 1761 quae

220 1774 409 1827 propter
442 1766 790 1826 dispositionem
824 1766 1093 1824 regularem,
1132 1771 1321 1825 propter
1346 1764 1590 1811 decursum
1614 1767 1726 1827 ipsis
1764 1783 1845 1829 pe-

220 1835 434 1880 culiarem
470 1841 607 1894 atque
642 1833 702 1878 ob
741 1832 1109 1878 decussationem
1147 1833 1191 1876 in
1244 1833 1355 1877 sulci
1391 1834 1632 1879 anterioris
1669 1835 1846 1881 medul-

219 1903 291 1947 lae
327 1902 514 1962 spinalis
544 1900 685 1946 fundo
718 1901 883 1945 factam
922 1914 1102 1945 omnem
1134 1899 1192 1944 de
1225 1900 1425 1959 ipsarum
1474 1907 1637 1947 natura
1672 1917 1843 1949 nervea

218 1968 549 2014 dubitationem
603 1975 898 2021 exemerunt,
946 1967 1190 2027 potiusque
1239 1967 1297 2012 ab
1357 1968 1591 2023 omnibus,
1644 1970 1719 2029 qui
1765 1985 1844 2016 eas

218 2042 538 2094 cognoverunt
587 2042 633 2079 et
678 2035 1043 2094 descripserunt,
1091 2034 1421 2079 scrutatoribus
1474 2048 1557 2093 pro
1606 2037 1843 2082 amborum

216 2102 443 2147 medullae
480 2101 768 2147 dimicliorum
803 2101 1111 2155 commissura,
1148 2107 1238 2145 tam
1272 2100 1348 2145 diu
1382 2102 1660 2162 multumque
1697 2119 1842 2164 quae-

219 2170 315 2224 sita,
349 2169 536 2214 habitae
570 2170 760 2213 fuerunt.

358 2238 470 2281 Dico
509 2251 630 2281 nunc
668 2234 824 2289 fibras,
865 2249 981 2294 quas
1015 2232 1289 2295 Olarke41)
1326 2237 1842 2296 antero-posteriores,

220 2304 504 2348 Blattmarm
523 2300 609 2364 42)
646 2303 888 2347 fasciculos
923 2302 1198 2347 decussatos
1231 2304 1445 2348 nominat.
1517 2303 1720 2357 Quorum
1756 2305 1842 2350 ob-

218 2378 507 2417 servatorum
543 2371 783 2431 posterior,
821 2384 978 2414 earum
1018 2369 1217 2414 decursu
1248 2370 1436 2429 egregie
1468 2369 1721 2432 descripto,
1772 2379 1843 2418 ta—

215 2439 273 2483 lia
313 2438 441 2483 dicit:
495 2439 585 2493 „Es
622 2438 679 2483 ist
721 2453 776 2482 zu
827 2436 1078 2490 beachten,
1135 2436 1244 2482 dass
1299 2436 1382 2482 der
1428 2438 1843 2499 Kreuzungspunkt

216 2505 378 2550 beider
408 2507 671 2563 Faserziige
722 2504 780 2548 im
813 2503 998 2549 Grunde
1043 2504 1127 2549 des
1173 2504 1325 2550 sulcus
1374 2505 1714 2564 longitudinalis
1757 2521 1842 2551 an-

216 2573 357 2616 terior
403 2573 558 2630 liegt;“
611 2570 778 2616 deinde
821 2570 937 2615 haec
979 2571 1057 2615 ait:
1110 2570 1209 2624 „die
1245 2572 1415 2617 Fasern
1460 2572 1609 2631 liegen
1652 2572 1733 2617 frei
1786 2589 1840 2619 zu

215 2639 349 2698 Tage,
386 2652 525 2684 wenn
560 2652 664 2683 man
709 2637 783 2682 die
820 2637 998 2682 Wande
1032 2637 1115 2683 des
1163 2639 1315 2684 sulcus
1363 2639 1837 2693 auseinanderzieht“;

216 2712 261 2750 et
294 2719 433 2765 porro
469 2705 540 2750 his
576 2706 711 2750 utitur
746 2704 922 2749 verbis:
971 2703 1069 2758 „die
1105 2705 1508 2764 Kreuzungsstelle
1555 2713 1717 2751 sammt
1748 2707 1838 2752 den

215 2773 399 2827 Fasern,
437 2772 614 2818 welche
651 2772 694 2815 in
728 2771 802 2816 die
836 2771 1081 2829 Kreuzung
1117 2772 1326 2830 eingelm,
1360 2772 1416 2817 ist
1450 2773 1548 2817 also
1582 2773 1728 2820 nichts
1755 2789 1837 2819 an-

306 2926 372 2968 41)
422 2925 615 2962 philosoph.
642 2928 816 2957 Transact.
848 2922 948 2956 1851.
1000 2932 1075 2961 pag.
1103 2922 1181 2956 609.

306 2981 373 3024 42)
422 2985 447 3014 1.
475 2992 504 3014 c.
531 2990 608 3020 pag.
635 2979 692 3015 23.
