1991 3270
769 211 1104 262 ...411—

129 346 172 389 in
211 344 357 403 spatio
405 344 541 388 certis
595 343 806 389 limitibus
854 345 1192 406 circumscripto
1242 362 1378 406 quum
1425 349 1469 392 in
1513 348 1737 394 medullae

127 411 354 464 crassitie,
403 416 495 455 tum
529 425 611 470 per
643 411 742 468 ejus
787 412 1111 469 longitudinem
1157 414 1421 459 catervatim
1457 422 1558 460 sunt
1597 416 1739 460 collo-

126 484 250 531 cata,
303 476 517 537 solasque
569 479 823 522 anteriores
872 493 1054 524 massae
1089 480 1298 525 cinereae
1336 482 1571 541 portiones
1619 483 1739 527 obti-

126 544 280 589 nentia
311 545 469 598 locum,
496 558 587 603 quo
621 559 790 589 nervus
823 545 1008 604 spinalis
1043 545 1246 592 decimus
1280 548 1432 602 oritur,
1476 563 1567 592 non
1599 564 1739 593 exee-

126 611 247 657 dunt.
314 611 479 655 Contra
507 611 692 655 cellulae
725 611 925 656 minores
961 627 1159 657 massam
1186 614 1413 659 eineream
1440 616 1739 672 gelatinosam

123 691 269 737 usque
303 678 347 722 in
383 684 634 722 extremum
668 677 726 721 fili
762 678 1008 724 terminalis
1042 678 1175 724 finem
1210 680 1398 740 stipant3
1435 696 1526 741 quo
1558 682 1739 741 quidem

122 745 226 789 loco
252 758 309 788 ne
345 744 575 789 acerrimis
601 745 780 804 quidem
817 745 1030 791 subsidiis
1056 748 1171 792 tales
1196 748 1366 792 formas
1391 748 1739 807 deprehendere

123 811 362 869 contingit,
411 825 525 871 quas
567 811 667 868 jure
718 826 771 856 ae
812 811 973 857 merito
1022 811 1162 858 fibras
1207 828 1404 860 nerveas
1452 816 1739 861 tenuissimas

123 878 382 923 existimare
411 879 570 938 possis.
610 878 781 931 Quodsi
807 893 916 923 vere
941 886 1012 924 est
1037 879 1215 935 dictum,
1242 882 1285 925 in
1311 882 1738 940 investigationibus

122 945 413 1003 histologicis‚
435 945 470 989 si
497 944 554 989 de
581 945 734 989 formis
760 945 1018 990 observatis
1040 946 1253 1004 judicium
1280 950 1431 993 facere
1456 950 1668 1003 volueris,
1694 949 1737 994 id

122 1012 407 1071 potissimum
439 1026 498 1056 ex
537 1010 816 1068 histologicis
856 1012 1153 1071 repetendum
1190 1029 1295 1059 esse
1338 1015 1533 1069 indiciis,
1579 1017 1738 1074 conJe—

123 1079 260 1124 cturis
297 1078 641 1138 physiologicis,
693 1078 729 1122 si
772 1092 887 1137 quae
931 1081 1046 1123 forte
1094 1095 1178 1125 usu
1223 1087 1435 1140 receptae
1479 1088 1598 1135 sunt,
1646 1097 1737 1127 non

124 1145 363 1205 respectis;
414 1145 450 1190 si
492 1153 733 1204 praeterea
770 1160 927 1190 verum
966 1153 1047 1199 est,
1086 1146 1188 1191 huic
1219 1147 1496 1207 disciplinae,
1532 1150 1737 1208 exceptis

123 1212 361 1257 axiomatis
398 1212 508 1269 ejus,
546 1226 663 1271 quae
702 1218 864 1265 tamen,
900 1213 1023 1271 quod
1060 1213 1306 1258 dolendum
1339 1221 1429 1269 est,
1474 1229 1566 1259 non
1600 1217 1737 1261 multa

121 1285 314 1330 exstant,
360 1293 449 1323 non
487 1278 670 1323 nimium
716 1278 1002 1324 tribuendum
1041 1294 1146 1325 esse
1187 1282 1465 1327 auctoritatis
1501 1282 1544 1325 in
1592 1297 1737 1342 quae—

124 1346 346 1392 stionibus
384 1346 659 1399 anatomicis,
698 1345 741 1390 in
780 1346 879 1399 hoe,
912 1346 969 1391 de
1004 1361 1094 1405 quo
1130 1362 1247 1393 nunc
1281 1349 1440 1407 agitur,
1478 1363 1588 1394 casu
1623 1364 1735 1395 sane

122 1428 214 1458 non
250 1413 417 1458 desunt
455 1427 646 1467 causae,
694 1428 774 1458 cur
820 1413 1058 1471 gangliosa
1100 1415 1357 1460 cellularum
1391 1417 1616 1461 minorum
1650 1432 1735 1462 na-

123 1487 222 1525 tura
255 1481 299 1525 in
329 1480 654 1525 dubitationem
689 1487 888 1533 vocetur,
930 1481 1121 1540 illaeque
1158 1482 1305 1541 potius
1331 1483 1445 1528 tales
1469 1484 1734 1528 existimen-

123 1554 194 1592 tur
230 1549 425 1602 formae,
474 1562 592 1607 quae
628 1562 655 1592 a
695 1548 886 1606 gangliis
930 1548 1052 1593 veris
1095 1555 1191 1593 toto
1225 1551 1355 1594 coelo
1400 1550 1632 1595 differant!
1671 1577 1733 1583 ——

123 1615 331 1659 Ceterum
366 1614 409 1658 in
446 1614 834 1674 disquisitionibus
870 1616 981 1659 meis
1028 1615 1283 1661 felicissime
1322 1617 1503 1675 obtigit,
1556 1623 1603 1662 ut
1648 1617 1733 1662 alia

121 1695 303 1742 quoque
338 1688 605 1739 argumenta
639 1682 925 1733 offerrentur,
961 1696 1076 1741 quae
1108 1682 1213 1726 mihi
1247 1683 1305 1728 de
1339 1698 1451 1728 vera
1482 1685 1734 1729 elemento—

122 1764 218 1793 rum
255 1748 430 1793 illorum
462 1749 613 1794 indole
646 1748 976 1808 disceptatum,
1017 1763 1072 1793 ne
1102 1749 1254 1794 medio
1289 1751 1471 1810 incepto
1509 1751 1733 1796 subsiste-

123 1829 230 1869 rem,
266 1815 525 1873 adjumento
557 1823 725 1861 essent.
797 1818 1087 1873 Se‘gmentum
1120 1817 1239 1860 enim
1272 1816 1345 1875 fig.
1380 1819 1415 1861 II
1446 1817 1731 1870 delineatum,

122 1882 244 1942 quod
277 1897 337 1926 ex
370 1881 445 1927 filo
483 1883 700 1927 terminali
736 1883 887 1941 plures
922 1897 1003 1941 per
1027 1883 1344 1928 hebdomades
1379 1883 1437 1928 ad
1462 1891 1735 1929 concentra—

120 1956 212 1994 tam
248 1949 363 1994 acidi
399 1949 611 1994 ehromiei
648 1950 917 1994 solutionem
958 1951 1170 2009 exposito
1206 1951 1392 2009 petitum
1429 1957 1546 2005 erat,
1596 1952 1734 1996 cellu-

120 2017 189 2062 las
237 2015 436 2061 ostendit
484 2017 630 2074 magis
666 2016 805 2060 variis
839 2017 994 2061 formis
1028 2016 1281 2076 praeditas,
1336 2031 1471 2076 quam
1522 2032 1640 2077 quae
1690 2019 1735 2062 in

123 2083 370 2142 segmentis
403 2083 630 2142 prioribus
666 2090 983 2142 apparuerant.
1064 2085 1269 2143 Namque
1320 2098 1409 2128 non
1448 2098 1608 2129 omnes
1642 2086 1736 2129 cel-

121 2150 237 2195 lulae
269 2150 517 2209 aequaliter
549 2150 771 2195 rotundas
812 2164 861 2195 se
894 2150 1214 2209 praebuerunt,
1254 2150 1336 2195 sed
1373 2152 1620 2210 pleraeque
1654 2165 1736 2196 ea-

123 2232 220 2262 rum
244 2216 398 2261 radios
424 2216 627 2275 pallidos,
654 2217 813 2275 quales
845 2230 946 2275 pag.
979 2219 1034 2261 49
1062 2216 1295 2275 descripsi,
1329 2217 1623 2271 dimittebant,
1652 2233 1736 2263 nec

121 2297 213 2328 non
248 2282 474 2328 radiorum
508 2289 782 2336 tenerorum,
816 2282 1040 2326 interdum
1076 2282 1118 2326 in
1153 2282 1227 2327 fila
1263 2284 1521 2328 tenuissima
1560 2299 1736 2330 exeun-

123 2351 251 2404 tium,
305 2356 623 2394 anastomoses
674 2350 808 2408 plane
864 2349 1082 2406 cognosci
1133 2356 1354 2407 poterant.
1439 2350 1538 2403 Qua
1580 2351 1624 2394 in
1673 2365 1734 2405 re,

123 2432 260 2476 quum
307 2415 536 2460 radiorum
579 2416 727 2461 lineae
775 2421 1009 2459 extremae
1062 2415 1322 2474 pallidiores
1372 2423 1548 2469 essent,
1601 2432 1738 2476 quam

122 2484 388 2528 membrana
431 2482 652 2527 cellularis
686 2483 784 2542 ipsa
833 2483 1040 2526 nucleum
1079 2482 1289 2540 cingens,
1341 2482 1626 2528 solummodo
1669 2484 1737 2528 la-

122 2551 254 2595 mella
299 2550 562 2595 tenuissima
610 2548 668 2593 de
703 2548 773 2593 his
817 2549 1066 2593 rationibus
1106 2563 1191 2593 nos
1224 2549 1367 2608 potuit
1413 2549 1633 2595 certiores
1669 2551 1737 2595 fa-

99 2631 249 2670 .cere;
286 2617 500 2676 quocirca
536 2630 680 2676 pauca
713 2622 882 2660 tantum
918 2622 1176 2673 segmenta,
1222 2630 1281 2659 ex
1315 2617 1479 2660 ceteris
1514 2615 1737 2662 medullae

124 2683 410 2744 portionibus
446 2683 698 2741 desumpta,
739 2682 904 2726 similes
936 2682 1156 2739 imagines
1194 2681 1550 2741 suppeditarunt.

258 2750 314 2794 At
341 2751 468 2809 plura
503 2763 587 2793 nos
623 2749 820 2794 recentia
852 2748 1105 2793 docuerunt
1139 2756 1421 2807 praeparata,
1450 2763 1532 2807 per
1566 2748 1737 2808 aliquot

125 2816 224 2862 dies
259 2817 303 2861 in
339 2816 470 2861 acido
505 2816 678 2861 acetico
719 2821 912 2861 servata.
982 2815 1128 2868 Quum
1159 2815 1277 2859 enim
1304 2821 1398 2860 tota
1428 2830 1581 2861 massa
1611 2816 1736 2860 eine—

127 2897 208 2928 rea
241 2883 364 2938 laxa,
407 2883 540 2929 valde
586 2882 767 2941 turgida
800 2888 935 2941 atque
976 2883 1115 2927 multo
1149 2881 1414 2941 pellucidior
1447 2883 1566 2927 facta
1599 2888 1734 2935 esset,

128 2956 263 2997 tenue
294 2950 393 3008 ejns
429 2956 617 2996 stratum
648 2948 952 3008 microscopio
988 2948 1261 2995 submissum
1286 2949 1481 2995 maxima
1515 2963 1574 2994 ex
1605 2955 1737 3010 parte
