1991 3270
821 165 1199 226 ‘-42-

216 330 242 360 e
268 314 465 373 gelatina
495 313 787 371 homogenea
824 317 1038 357 constare
1073 310 1270 370 patebat,
1306 310 1350 354 in
1381 325 1468 370 qua
1502 311 1701 365 cellulae,
1728 326 1837 372 par-

216 382 296 426 tim
328 380 478 426 multis
503 380 751 425 instructae
783 377 934 433 radiis,
970 377 1131 438 partim
1165 376 1423 437 simpliciter
1455 377 1692 432 caudatae,
1729 393 1837 438 par-

216 449 294 494 tim
332 446 575 501 rotundae,
624 446 786 507 partim
837 458 1134 505 compressae
1168 450 1229 503 et·
1258 449 1452 504 utroque
1487 444 1532 489 in
1576 444 1650 490 fila
1689 446 1838 493 tenuia

215 521 451 569 exeuntes,
485 514 708 566 distinctis
741 513 954 558 limitibus
988 511 1293 557 circumdatae
1328 511 1644 557 cernebantur.
1711 512 1838 567 Quae

164 600 169 604 ·
219 583 335 629 ratio
392 581 517 641 quod
567 587 702 626 antea
737 581 781 626 in
825 579 1074 639 segmentis
1125 577 1402 625 transversis
1455 578 1692 625 obduratis
1746 595 1840 628 non

216 656 307 697 tam
351 648 590 695 evidenter
622 653 873 708 conspecta
908 647 1011 701 suit,
1060 647 1159 705 ejus
1202 647 1265 691 rei
1308 659 1450 692 causa
1492 647 1737 707 praecipue
1793 647 1839 693 in

214 731 271 762 eo
309 715 575 776 quaerenda
611 722 693 770 est,
731 714 857 775 quod
895 713 1074 760 acidum
1107 714 1384 758 chromicum
1410 713 1598 758 cellulae
1631 715 1840 761 nucleum

215 782 411 844 quidem,
449 782 854 858 substantiamque,
893 796 1012 841 quae
1046 782 1089 826 in
1115 781 1286 826 cellulis
1322 782 1478 834 inerat,
1513 795 1598 826 nec
1629 796 1720 826 non
1746 783 1840 826 cel-

212 852 332 897 lulae
366 851 594 910 plerisque
627 851 671 894 in
706 850 890 895 casibus
928 849 1073 907 magis
1107 848 1315 894 minusve
1341 847 1565 906 globosae
1599 848 1840 894 indumen-

214 925 309 964 tum
345 917 494 978 ipsum
529 918 574 961 in
605 923 903 977 conspectum
940 915 1085 970 dedit,
1128 915 1267 961 radiis
1313 921 1472 960 contra
1514 916 1650 975 longe
1693 917 1840 962 minus

215 987 259 1030 in
296 986 456 1031 oculos
488 984 836 1030 incurrentibus.

354 1052 551 1097 Cellulae
588 1052 747 1110 igitur,
796 1050 1182 1110 quemadmodum
1223 1064 1282 1095 ex
1320 1049 1458 1095 modo
1503 1048 1634 1107 dictis
1679 1052 1838 1106 elucet,

215 1133 437 1166 summam
469 1134 571 1164 cum
608 1119 726 1163 telae
776 1118 1094 1175 conjunctivae
1129 1118 1423 1176 corpusculis,
1462 1132 1581 1177 quae
1617 1117 1838 1173 dicuntur,

215 1186 550 1232 similitudinem
605 1187 868 1231 retulerunt.
953 1185 1130 1229 Etenim
1176 1199 1268 1229 non
1314 1185 1461 1230 solum
1515 1185 1839 1244 magnitudinis

214 1254 391 1300 ratione
428 1254 538 1299 satis
572 1253 690 1298 inter
725 1266 775 1298 se
823 1251 1128 1312 respondent,
1175 1266 1334 1297 verum
1376 1253 1511 1297 etiam
1560 1253 1747 1298 cellulae
1775 1253 1839 1298 'in

213 1322 402 1367 aliarum
436 1320 644 1380 corporis
680 1320 871 1380 partium
905 1320 996 1364 tela
1032 1319 1322 1377 conjunctiva
1355 1320 1463 1365 laxa
1499 1326 1710 1380 repertae
1746 1336 1837 1366 uno

212 1388 470 1448 eodemque
504 1389 608 1433 loco
643 1388 831 1433 similem
873 1394 1010 1446 atque
1045 1386 1184 1432 modo
1221 1387 1548 1447 descripsimus
1573 1388 1837 1435 xaiietatem

213 1456 479 1510 ostendunt3
518 1470 623 1500 nam
659 1456 773 1501 aliae
811 1454 1145 1508 subrotundae,
1186 1455 1300 1500 aliae
1336 1455 1567 1514 oblongae
1601 1462 1836 1516 apparent,

211 1524 457 1584 radiosque
482 1523 701 1577 emittunt,
736 1522 913 1582 quibus,
950 1521 995 1567 id
1027 1491 1154 1582 quod
1186 1523 1346 1568 summi
1370 1524 1588 1568 momenti
1618 1529 1700 1578 est,
1734 1538 1838 1570 cre—

213 1592 325 1637 brae
362 1590 617 1636 efficiuntur
642 1596 962 1636 anastomoses
986 1589 1080 1650 3⁷).
1153 1590 1385 1651 Equidem,
1420 1606 1558 1650 quum
1583 1592 1716 1636 telam
1743 1593 1837 1637 cel—

211 1660 403 1705 lulosam
438 1659 767 1704 subcutaneam
804 1671 953 1711 ranae,
990 1657 1121 1702 acido
1161 1658 1334 1703 acetico
1368 1658 1694 1713 humectatam,
1735 1674 1837 1705 curn

211 1726 424 1771 tenuibus
457 1724 518 1770 fili
562 1725 809 1771 terminalis
857 1725 901 1769 in
935 1725 1066 1770 acido
1121 1725 1294 1771 acetico
1337 1725 1503 1785 turgidi
1536 1726 1641 1770 facti
1681 1727 1836 1773 stratis

210 1793 612 1853 comparavissem,
648 1807 790 1853 saepe
824 1793 1047 1851 imagines
1075 1798 1164 1838 tam
1203 1793 1371 1838 similes
1405 1792 1568 1846 inveni,
1604 1799 1661 1847 ut,
1696 1794 1833 1849 vitris,

210 1861 376 1921 quibus
419 1860 634 1920 imposita
681 1865 812 1904 erant
865 1859 956 1904 duo
1010 1866 1305 1920 praeparata,
1348 1861 1491 1905 altero
1543 1875 1643 1905 cum
1691 1862 1834 1906 altero

211 1928 493 1987 permutatIS,
529 1941 621 1972 non
654 1927 846 1987 amplius
878 1927 1142 1972 discernere
1183 1941 1387 1988 possem,
1437 1927 1558 1973 unde
1594 1934 1834 1989 utrumque

209 2003 534 2055 praeparatum
574 2000 700 2039 esset
736 1995 988 2053 repetitum.

347 2062 580 2115 Attamen,
614 2061 659 2105 id
697 2061 822 2120 quod
863 2063 1111 2106 formarum
1143 2060 1292 2105 adhuc
1335 2060 1666 2121 descriptarum
1700 2070 1834 2109 natu—

208 2135 305 2174 ram
365 2129 619 2174 certissime
681 2128 881 2187 aperuit,
950 2129 993 2172 in
1044 2126 1119 2172 fila
1179 2128 1430 2172 terminalia
1479 2128 1612 2174 acido
1659 2130 1833 2176 acetico

207 2201 401 2242 tractata
439 2210 576 2256 quum
614 2195 971 2254 inquisivissem,
1019 2209 1187 2254 magna
1229 2201 1299 2240 est
1359 2197 1540 2254 cognita
1594 2197 1833 2244 multitudo

207 2263 403 2323 partium
438 2262 847 2317 elementariarum,
886 2276 1004 2322 quae
1040 2263 1156 2308 telae
1195 2263 1510 2321 conjunctivae
1547 2264 1737 2309 comites
1773 2266 1831 2311 ab

207 2331 370 2376 aetatis
397 2330 663 2375 recentioris
691 2331 1035 2384 scrutatoribus,
1064 2330 1123 2375 uti
1155 2329 1464 2392 Virohovssss),
1494 2331 1829 2392 Dondersw),

208 2396 569 2458 Koellilcerw),
615 2410 847 2442 consensu
896 2412 979 2457 pro
1026 2398 1143 2443 telae
1198 2399 1514 2456 conjunctivae
1549 2400 1831 2459 corpusculis

205 2465 413 2510 caudatis
468 2464 659 2524 amplius
720 2465 916 2509 evolutis
973 2472 1077 2510 sunt
1134 2465 1327 2511 habitae.
1429 2466 1558 2511 Nam
1616 2467 1829 2511 multae

204 2532 402 2577 fibrae
437 2531 737 2577 elasticae
777 2530 913 2590 (quas
950 2532 1101 2575 Hence
1138 2533 1470 2587 „Kernfasern“
1505 2530 1722 2594 appellat)
1774 2533 1829 2578 in

295 2669 360 2709 37)
408 2671 453 2702 cf.
484 2668 657 2704 Virclmv.
684 2675 707 2702 l.
739 2682 771 2703 c.
803 2682 879 2710 pag.
913 2671 990 2704 157.

295 2727 361 2771 38)
411 2732 436 2760 l.
464 2738 493 2759 e.
526 2737 602 2766 pag.
634 2727 712 2759 155.

294 2784 357 2823 39)
406 2785 451 2817 cf.
477 2781 660 2817 Domlers
687 2784 721 2817 in
749 2782 910 2818 siebold
934 2790 997 2818 und
1026 2784 1208 2822 Ko‘lliker.
1257 2787 1464 2821 zeitschrift.
1517 2790 1576 2820 Bd.
1605 2793 1665 2821 111.
1724 2788 1823 2822 185¹.

202 2851 279 2880 pag.
308 2840 374 2873 353
404 2852 476 2879 seq.

295 2897 361 2940 40)
409 2901 690 2937 vernandlungen
736 2902 793 2932 der
835 2899 1007 2939 physikal.
1057 2900 1210 2934 inedicin.
1256 2902 1489 2935 Gesollschaft
1534 2912 1580 2937 zu
1618 2904 1823 2943 wurzburg.

201 2957 278 2989 Vol.
304 2958 367 2987 111.
392 2964 471 2994 pag.
500 2954 534 2988 1.
