1991 3270
859 177 1194 223 -48-

216 317 289 356 tro
323 309 638 370 longitudinali
685 326 711 356 a
757 316 884 370 parte
934 312 1108 370 postica
1155 316 1439 370 externaque
1473 311 1532 357 ad
1564 313 1840 358 anteriorem

214 378 553 439 internamque,
599 378 763 423 lineam
801 377 995 423 mediam
1035 392 1224 432 versus,
1271 384 1519 438 spectante.
1589 379 1624 424 A
1660 379 1840 426 duabus

212 445 439 492 medullae
483 445 841 491 intumescentiis
889 446 923 490 si
964 446 1037 489 vel
1073 445 1289 490 deorsum
1336 446 1408 490 vel
1446 461 1622 492 sursum
1659 446 1838 493 disces-

214 514 342 567 seris,
370 527 614 573 corporum
648 514 989 572 gangliosorum
1018 512 1251 558 multitudo
1278 512 1560 567 deminuitur,
1589 529 1679 574 quo
1704 516 1838 569 sacto,

213 595 352 641 quum
380 582 472 639 Jam
512 581 659 626 minus
693 581 929 625 confertim
969 580 1117 640 posita
1154 581 1252 634 sint,
1290 582 1436 625 forma
1473 582 1761 640 triangularis
1797 583 1839 626 in

214 655 457 707 segmento
506 655 775 694 transverso
826 648 1036 693 omnibus
1083 648 1333 693 communis
1378 663 1483 694 esse
1537 649 1840 707 cognoscitur.

216 715 446 775 Trianguli
482 716 648 776 positio
687 717 953 776 plerumque
990 716 1089 760 talis
1129 722 1210 768 est,
1247 721 1293 760 ut
1329 731 1444 762 unus
1479 717 1748 775 angulorum
1784 716 1843 762 ad

210 783 443 829 anteriora
469 790 606 843 atque
638 777 895 836 introrsum,
933 784 1093 828 lineam
1130 783 1324 828 mediam
1361 799 1534 837 vorsus,
1572 784 1697 838 alter,
1725 785 1839 839 loco,

212 850 336 896 unde
369 852 572 897 anterior
607 866 852 896 nervorum
888 851 1123 911 spinalium
1163 851 1293 895 radix
1339 851 1497 911 prodit,
1540 851 1840 911 respondens,

213 917 273 963 ad
307 925 484 979 partem
524 920 798 964 anteriorem
825 925 1168 978 externamque,
1203 919 1359 964 tertius
1393 918 1452 963 ad
1484 918 1705 978 posticam
1736 934 1844 963 ver-

213 991 303 1044 gat.
377 986 580 1040 Quorum
613 987 883 1044 angulorum
919 987 1228 1046 unusquisque
1264 993 1539 1031 extenuatus
1572 1000 1840 1046 processum

212 1052 411 1108 dimittit,
459 1054 534 1113 qui
568 1053 762 1098 eandem
802 1053 1098 1098 directionem
1146 1060 1280 1099 tenet.
1354 1053 1539 1099 Etiamsi
1574 1054 1718 1113 primo
1758 1052 1841 1098 ad-

215 1126 377 1180 spectu
401 1121 531 1165 facile
563 1121 664 1180 quis
700 1120 964 1175 adducatur,
1002 1127 1049 1165 ut
1080 1122 1265 1166 cellulas
1300 1136 1603 1181 compressas,
1643 1135 1760 1180 quac
1797 1121 1842 1165 in

214 1195 456 1246 segmento
491 1194 758 1233 transxerso
787 1189 1044 1234 fusit'ormes
1079 1195 1342 1248 appareant,
1378 1188 1555 1248 utrique
1590 1189 1690 1233 axis
1716 1189 1842 1248 ipsa-

211 1270 312 1300 rum
362 1255 705 1314 longitudinalis
751 1257 857 1315 polo
909 1255 1247 1315 respondentes
1289 1255 1407 1301 duos
1456 1255 1593 1301 modo
1644 1256 1843 1302 ramulos

212 1321 441 1368 dimittere
478 1329 671 1377 statuat,
707 1329 879 1377 tamen,
928 1323 963 1369 si
998 1323 1257 1382 diligentius
1299 1339 1391 1368 rem
1438 1323 1840 1383 pervestigaveris,

210 1389 291 1435 hic
309 1404 494 1450 quoque
515 1390 743 1435 minimum
766 1398 861 1435 tres
889 1392 1088 1436 ramulos
1114 1392 1157 1435 in
1185 1392 1409 1450 segmenti
1433 1391 1685 1436 transversi
1707 1392 1842 1452 plano

213 1464 363 1504 ortum
398 1458 576 1504 habere
625 1465 753 1504 certo
792 1459 1065 1519 perspicias,
1112 1458 1294 1505 duobus
1340 1474 1499 1514 eoru-m
1543 1460 1686 1504 altero
1732 1472 1841 1519 pro-

209 1524 336 1572 xime
374 1526 502 1571 alteri
538 1526 594 1571 ad
632 1541 767 1572 unum
811 1528 909 1572 axis
948 1526 1287 1585 longitudinalis
1318 1526 1454 1572 tinem
1491 1526 1697 1572 inventis.
1768 1527 1865 1570 In--

211 1592 392 1639 terdum
426 1593 620 1654 quidem,
656 1600 702 1639 at
738 1595 882 1640 rarius
918 1601 1081 1647 tamen,
1119 1609 1177 1639 ex
1218 1595 1388 1640 cellulis
1424 1594 1675 1654 gangliosis
1709 1600 1843 1652 quat-

211 1666 318 1706 tuor
351 1662 553 1707 ramulos
589 1663 631 1706 in
659 1677 747 1708 una
778 1662 1035 1722 eademque
1072 1662 1251 1721 planitie
1286 1662 1586 1708 decurrentes
1621 1661 1843 1719 originem

212 1728 399 1774 trahere
432 1729 689 1775 observavi.

349 1796 614 1842 Mensiones
650 1797 923 1857 compluries
971 1796 1029 1841 de
1073 1796 1242 1842 cellulis
1284 1797 1571 1856 regularibus
1610 1796 1844 1856 triangulis

211 1862 442 1910 institutae
470 1866 564 1909 fere
599 1879 759 1909 omnes
794 1864 913 1909 hunc
946 1864 1199 1910 habuerunt
1234 1871 1460 1918 eventum,
1489 1871 1535 1910 ut
1560 1879 1716 1910 earum
1743 1864 1844 1910 dia-

209 1937 407 1978 metrum
433 1931 812 1987 0‚008¹‘'—0,04''‘
838 1948 930 1992 par.
961 1946 1068 1977 esse
1104 1946 1448 1991 cognoscerem.
1521 1933 1843 1978 Verumtamen

211 2000 260 2045 in
294 2000 493 2045 catervis
527 1999 905 2054 confertim-ibus,
946 2014 1081 2059 quum
1120 2001 1265 2045 forma
1305 2006 1513 2052 mutetur,
1551 2014 1709 2045 earum
1745 1998 1844 2044 dia-

211 2072 387 2112 metros
423 2067 762 2125 longitudinalis
800 2066 858 2111 ad
898 2066 1033 2121 0,02‘¹'
1066 2063 1159 2127 par.
1197 2066 1429 2121 accrescit,
1466 2073 1732 2113 transversa
1757 2081 1841 2127 pro

214 2139 313 2180 rata
352 2140 483 2194 parte
519 2134 831 2180 decrescente.

351 2203 419 2246 De
444 2208 605 2247 natura
630 2202 902 2255 cellularum,
941 2214 1105 2261 nempe
1139 2200 1405 2247 indumento
1442 2215 1612 2255 earum,
1639 2215 1725 2246 nec
1750 2215 1842 2245 non

213 2268 275 2314 de
308 2269 587 2323 substantia,
625 2284 742 2330 quae
780 2269 905 2323 insit,
943 2269 979 2313 si
1013 2274 1270 2329 quaeratur,
1308 2282 1397 2327 ego
1434 2268 1523 2314 hoc
1560 2268 1723 2314 videor
1758 2282 1841 2327 pro

216 2342 345 2382 certo
382 2351 522 2397 posse
559 2351 835 2398 proponere,
878 2337 1004 2396 prius
1035 2336 1351 2381 membranam
1380 2350 1486 2381 esse
1512 2336 1676 2381 eximie
1711 2342 1840 2380 tene-

215 2418 315 2450 ram
340 2410 477 2464 atque
514 2405 794 2465 pellucidam,
829 2405 1015 2449 alteram
1048 2404 1090 2448 in
1127 2404 1411 2464 praeparatis
1446 2403 1578 2449 acido
1610 2403 1840 2449 chromico

215 2471 438 2518 induratis
478 2472 537 2517 ad
573 2472 812 2516 albuminis
855 2471 1153 2531 aequabiliter
1198 2472 1425 2530 coagulati
1462 2470 1660 2531 speciem
1693 2483 1840 2530 prope

213 2538 452 2584 accedere.
523 2539 700 2584 Etenim
743 2539 779 2584 si
818 2539 1040 2584 lamellula
1080 2539 1226 2584 vitrea
1274 2553 1349 2584 res
1393 2537 1695 2597 microscopio
1728 2537 1841 2582 sub-

214 2606 384 2654 missas
418 2612 601 2665 tegente
642 2607 848 2651 cellulam
887 2605 1132 2652 solitariam
1176 2605 1425 2666 presseris,
1468 2605 1584 2650 haec
1618 2605 1677 2650 ab
1714 2603 1839 2650 initio

218 2672 331 2719 satis
356 2674 588 2719 elasticam
625 2688 676 2719 se
715 2672 915 2727 exhibet,
951 2673 1192 2733 pressione
1229 2673 1422 2719 adaucta
1446 2678 1596 2717 autem
1623 2678 1838 2732 perrupta

216 2740 447 2800 planitiem
493 2747 709 2801 rupturae
754 2740 948 2801 praebet
991 2742 1194 2795 laevem,
1226 2739 1509 2799 marginibus
1545 2740 1656 2785 satis
1693 2740 1838 2784 acutis

216 2807 496 2862 instructam,
523 2808 657 2862 nullo,
684 2822 742 2852 ne
774 2807 958 2853 minimo
993 2807 1188 2868 quidem,
1228 2806 1352 2853 fluidi
1387 2806 1630 2866 vestigium
1667 2805 1836 2866 depre—

216 2872 377 2920 henso.
450 2874 660 2921 Ceterum
693 2875 738 2919 in
770 2876 1056 2935 praeparatis
1094 2888 1278 2935 quoque
1314 2873 1446 2919 acido
1485 2873 1716 2919 chromico
1749 2872 1837 2919 du·-

216 2940 329 2993 ratis
362 2941 490 2999 haec,
525 2956 643 3006 quae
674 2941 847 2992 cellulis
876 2943 1144 3001 continetur,
1178 2941 1436 2991 substantia
1466 2940 1730 2991 semisolida
1759 2954 1837 2990 sa-
