1991 3270
828 252 1170 300 ...5ss—

184 387 240 434 tri
272 387 517 448 percolata,
552 386 826 447 compluries
863 400 947 446 per
983 386 1155 446 aliquot
1204 385 1347 432 horas
1371 400 1487 447 aqua
1512 388 1809 435 fervefactum

184 456 366 518 penitus
401 461 473 501 est
507 454 793 509 exhaustum,
829 460 1077 514 partesque
1113 467 1206 498 non
1239 453 1455 500 solubiles
1498 469 1583 515 pro
1616 456 1809 502 albumi-

184 523 370 569 natibus
421 522 676 581 coagulatis
722 527 827 567 sunt
872 521 1070 567 habitae.
1143 520 1378 567 Solutione
1430 535 1606 582 aquosa
1654 524 1809 570 calore

192 588 307 636 ΜΟΟ
340 590 594 644 exsiccata,
641 588 872 635 residuum
909 594 1150 649 pensatum
1186 588 1367 647 longius
1405 603 1490 650 per
1529 595 1708 651 tempus
1751 591 1811 638 ad

185 664 344 704 aerem
378 657 695 704 candefactum
731 662 869 717 atque
903 657 948 702 in
983 657 1162 702 cineres
1194 655 1428 703 redactum
1467 662 1560 712 est,
1608 658 1652 704 id
1686 659 1812 719 quod

183 725 230 771 in
255 724 510 771 substantia
543 725 726 770 cinerea
752 723 937 778 facilius,
975 738 1111 784 quam
1135 724 1180 769 in
1206 725 1361 779 altera,
1397 724 1630 771 successit.
1700 726 1811 772 Inde

185 807 323 853 quum
372 793 574 838 cinerum
609 792 840 852 quantitas
880 797 1076 851 pensata
1118 806 1145 836 a
1188 791 1384 852 partium
1430 793 1475 837 in
1525 806 1644 852 aqua
1686 795 1812 839 solu-

184 859 340 906 bilium
372 860 506 920 copia
539 859 739 905 deducta
773 866 910 913 esset,
944 858 1204 904 differentia
1238 873 1324 919 pro
1357 860 1484 915 colla,
1522 860 1702 906 cineres
1727 875 1811 922 pro

186 928 359 974 salibus
394 927 688 986 anorganicis
724 932 828 971 sunt
861 927 1121 986 computati.

317 995 575 1040 Nervorum
624 1000 827 1054 systema
871 994 1074 1039 centrale
1129 993 1364 1054 quomodo
1408 993 1702 1040 constitutum
1743 995 1811 1050 sit,

184 1060 311 1124 quod
347 1062 407 1108 ad
445 1061 820 1107 histochemicam
853 1062 1012 1107 attinet
1037 1061 1273 1116 rationem,
1308 1062 1524 1121 quoniam
1550 1061 1688 1107 hodie
1719 1066 1812 1107 tam

187 1144 350 1191 parum
368 1130 657 1190 exploratum
677 1135 749 1174 est
767 1155 830 1162 -
852 1128 1065 1189 adipibus
1091 1129 1389 1189 partibusque
1414 1128 1703 1188 anorganicis
1728 1143 1813 1175 ex-

183 1197 340 1258 ceptis,
380 1211 573 1257 quarum
606 1203 761 1241 tamen
795 1196 1050 1256 disquisitio
1078 1196 1334 1242 accuratior
1370 1196 1415 1241 in
1446 1211 1563 1252 eum,
1599 1196 1674 1257 qui
1700 1211 1812 1257 pro-

182 1264 362 1325 positus
396 1264 495 1319 fuit,
537 1263 676 1309 finem
721 1264 911 1310 minoris
957 1265 1175 1309 momenti
1207 1270 1279 1310 est
1329 1288 1406 1319 —‚
1444 1264 1726 1311 substantias
1766 1265 1812 1309 in

184 1331 424 1378 ordinibus
468 1332 720 1393 propositis
772 1332 1024 1378 summatim
1069 1333 1229 1378 allatas
1275 1333 1482 1377 exactius
1536 1332 1811 1378 distribuere

183 1413 277 1445 non
312 1400 426 1446 licet.
497 1401 656 1460 Itaque
688 1414 782 1445 non
818 1414 1087 1461 possumus,
1141 1401 1248 1460 quin
1282 1399 1401 1445 hanc
1446 1399 1811 1446 distributionem

183 1467 385 1528 posteris
422 1467 829 1514 observationibus
866 1468 1058 1528 amplius
1092 1482 1188 1513 rem
1234 1467 1538 1514 tractantibus
1581 1468 1811 1527 relinqua-

183 1549 297 1582 mus.
367 1534 825 1582 Nihilotamensecius
861 1537 934 1581 vel
972 1550 1093 1582 nunc
1136 1536 1551 1596 perscrutationum
1584 1535 1811 1581 instituta-

183 1617 285 1649 rum
317 1609 530 1658 eventus,
579 1610 628 1649 ut
661 1604 739 1664 qui
792 1603 852 1649 ad
887 1603 1095 1664 analysin
1138 1603 1460 1662 histologicam
1498 1603 1811 1650 mechanicam

183 1669 546 1718 confirmandam
577 1671 774 1725 valeant,
809 1672 993 1716 maximi
1027 1677 1133 1717 sunt
1163 1672 1391 1717 momenti.

650 1802 1011 1847 Analyseos
1057 1803 1343 1841 eventus.

742 1898 790 1946 A.
842 1899 1107 1946 Substantia
1145 1900 1261 1945 alba.

184 2012 232 2078 a)
279 2008 420 2069 4:775
456 2027 571 2073 grm.
612 2012 895 2059 substantiae
936 2012 1133 2059 recentis
1182 2011 1325 2067 0546
1366 2026 1477 2071 grm.
1526 2011 1695 2058 residui
1729 2013 1810 2057 cal.

456 2079 572 2126 440⁰
607 2079 763 2126 siccati
800 2080 1009 2126 reddunt.

183 2147 236 2212 b)
276 2144 419 2203 5372
452 2161 563 2206 grm.
604 2147 889 2193 substantiae
923 2148 1002 2192 cal.
1042 2143 1157 2191 ΜΟο
1197 2145 1394 2191 siccatae
1440 2144 1628 2190 aethere
1661 2150 1708 2190 et
1745 2145 1811 2189 al-

452 2214 618 2260 cohole
656 2214 882 2260 exhausta
921 2213 1120 2259 reddunt
1156 2215 1294 2267 ’1,383
1332 2227 1442 2272 grm.
1481 2211 1653 2258 residui
1684 2212 1812 2258 inso-

450 2282 613 2336 lubilis,
652 2282 733 2327 cal.
772 2280 887 2327 ΜΟΟ
921 2282 1087 2327 siccati.

362 2351 460 2396 Hoc
492 2349 726 2396 residuum
762 2349 845 2410 per
880 2349 1020 2395 horas
1053 2348 1114 2395 24
1153 2362 1210 2393 ex
1243 2363 1364 2409 aqua
1400 2353 1581 2394 coctum
1616 2345 1764 2392 reddit

256 2420 420 2475 ,0,280
457 2432 569 2478 grm.
613 2416 971 2464 substantiarum
1017 2418 1098 2462 cal.
1144 2415 1255 2461 ΜΟΟ
1298 2415 1569 2462 siccatarum
1617 2415 1663 2459 in
1694 2427 1812 2474 aqua

457 2484 728 2532 solubilium.

571 2552 700 2607 Quae
734 2551 780 2596 in
817 2552 996 2596 cineres
1027 2563 1195 2595 versae
1227 2549 1426 2596 reddunt

278 2622 423 2676 0‚065
462 2634 573 2679 grm.
611 2620 807 2679 partium
846 2617 1240 2677 anorganicarum.

698 2732 744 2777 B.
810 2730 1077 2777 Substantia
1110 2730 1303 2776 cinerea.

192 2822 240 2887 a)
278 2820 421 2880 2744,
459 2838 571 2883 grm.
608 2822 891 2868 substantiae
939 2821 1136 2867 recentis
1171 2820 1313 2866 Ο.363
1359 2833 1469 2878 grm.
1518 2817 1687 2864 residui
1731 2816 1810 2862 cal.

465 2888 580 2936 ΜΟο
618 2890 775 2937 siccati
808 2887 1016 2934 reddunt.

191 2956 245 3022 b)
285 2960 429 3013 2390
465 2973 578 3018 grm.
615 2956 899 3014 substantiae
931 2955 1012 3000 cal.
1044 2952 1160 3001 ΜΟθ
1195 2953 1394 3001 siccatae
1420 2950 1627 2999 alcohole
1653 2950 1813 2999 aethe-

459 3037 604 3086 reque
639 3023 867 3070 exhausta
899 3021 1109 3069 reddunt.
