<?xml version="1.0" encoding="UTF-8"?>
<!DOCTYPE html PUBLIC "-//W3C//DTD XHTML 1.0 Transitional//EN"
    "http://www.w3.org/TR/xhtml1/DTD/xhtml1-transitional.dtd">
<html xmlns="http://www.w3.org/1999/xhtml" xml:lang="en" lang="en">
 <head>
  <title>
</title>
<meta http-equiv="Content-Type" content="text/html;charset=utf-8" />
  <meta name='ocr-system' content='tesseract 3.04.00' />
  <meta name='ocr-capabilities' content='ocr_page ocr_carea ocr_par ocr_line ocrx_word'/>
</head>
<body>
  <div class='ocr_page' id='page_1' title='image "./demedullaespinal00kupf_0038.png"; bbox 0 0 1991 3270; ppageno 0'>
   <div class='ocr_carea' id='block_1_1' title="bbox 870 208 1206 256">
    <p class='ocr_par' dir='ltr' id='par_1_1' title="bbox 870 208 1206 256">
     <span class='ocr_line' id='line_1_1' title="bbox 870 208 1206 256; baseline -0.009 -12"><span class='ocrx_word' id='word_1_1' title='bbox 870 208 1206 256; x_wconf 44' lang='lat' dir='ltr'>„affl-„2</span> 
     </span>
    </p>
   </div>
   <div class='ocr_carea' id='block_1_2' title="bbox 217 340 1848 2816">
    <p class='ocr_par' dir='ltr' id='par_1_2' title="bbox 217 340 1848 2816">
     <span class='ocr_line' id='line_1_2' title="bbox 220 340 1843 403; baseline -0.002 -15"><span class='ocrx_word' id='word_1_2' title='bbox 220 343 463 403; x_wconf 85' lang='lat' dir='ltr'>ganglioso</span> <span class='ocrx_word' id='word_1_3' title='bbox 497 342 744 396; x_wconf 88' lang='lat' dir='ltr'>habebant,</span> <span class='ocrx_word' id='word_1_4' title='bbox 780 348 826 386; x_wconf 90' lang='lat' dir='ltr'>et</span> <span class='ocrx_word' id='word_1_5' title='bbox 858 355 1088 402; x_wconf 87' lang='lat' dir='ltr'>quamque</span> <span class='ocrx_word' id='word_1_6' title='bbox 1122 340 1425 386; x_wconf 74' lang='lat' dir='ltr'>substantiam</span> <span class='ocrx_word' id='word_1_7' title='bbox 1456 347 1639 386; x_wconf 88' lang='lat' dir='ltr'>tenuem</span> <span class='ocrx_word' id='word_1_8' title='bbox 1672 341 1843 386; x_wconf 87' lang='grc'>1111011-</span> 
     </span>
     <span class='ocr_line' id='line_1_3' title="bbox 220 407 1844 471; baseline -0.002 -15"><span class='ocrx_word' id='word_1_9' title='bbox 220 412 322 470; x_wconf 89' lang='lat' dir='ltr'>gius</span> <span class='ocrx_word' id='word_1_10' title='bbox 359 416 640 471; x_wconf 79' lang='lat' dir='ltr'>porrectam,</span> <span class='ocrx_word' id='word_1_11' title='bbox 679 408 855 454; x_wconf 87' lang='lat' dir='ltr'>etiamsi</span> <span class='ocrx_word' id='word_1_12' title='bbox 901 409 1000 467; x_wconf 85' lang='lat' dir='ltr'>ejus</span> <span class='ocrx_word' id='word_1_13' title='bbox 1051 409 1247 453; x_wconf 90' lang='lat' dir='ltr'>tenuitas</span> <span class='ocrx_word' id='word_1_14' title='bbox 1283 408 1513 454; x_wconf 89' lang='lat' dir='ltr'>metiendo</span> <span class='ocrx_word' id='word_1_15' title='bbox 1544 407 1723 453; x_wconf 89' lang='lat' dir='ltr'>definiri</span> <span class='ocrx_word' id='word_1_16' title='bbox 1760 423 1844 453; x_wconf 87' lang='lat' dir='ltr'>ne-</span> 
     </span>
     <span class='ocr_line' id='line_1_4' title="bbox 219 474 1843 538; baseline -0.003 -15"><span class='ocrx_word' id='word_1_17' title='bbox 219 479 389 538; x_wconf 87' lang='lat' dir='ltr'>quiret,</span> <span class='ocrx_word' id='word_1_18' title='bbox 445 491 526 537; x_wconf 86' lang='lat' dir='ltr'>pro</span> <span class='ocrx_word' id='word_1_19' title='bbox 563 476 679 522; x_wconf 84' lang='lat' dir='ltr'>fibra</span> <span class='ocrx_word' id='word_1_20' title='bbox 713 490 884 521; x_wconf 87' lang='lat' dir='ltr'>nervea</span> <span class='ocrx_word' id='word_1_21' title='bbox 924 477 1157 536; x_wconf 82' lang='lat' dir='ltr'>putabant.</span> <span class='ocrx_word' id='word_1_22' title='bbox 1229 475 1329 529; x_wconf 87' lang='lat' dir='ltr'>Quo</span> <span class='ocrx_word' id='word_1_23' title='bbox 1373 476 1541 520; x_wconf 86' lang='lat' dir='ltr'>factum</span> <span class='ocrx_word' id='word_1_24' title='bbox 1572 482 1665 530; x_wconf 90' lang='lat' dir='ltr'>est,</span> <span class='ocrx_word' id='word_1_25' title='bbox 1703 481 1751 520; x_wconf 88' lang='lat' dir='ltr'>ut</span> <span class='ocrx_word' id='word_1_26' title='bbox 1788 474 1843 518; x_wconf 90' lang='lat' dir='ltr'>fi-</span> 
     </span>
     <span class='ocr_line' id='line_1_5' title="bbox 218 540 1841 604; baseline -0.002 -13"><span class='ocrx_word' id='word_1_27' title='bbox 218 546 330 591; x_wconf 85' lang='lat' dir='ltr'>brae</span> <span class='ocrx_word' id='word_1_28' title='bbox 359 559 559 590; x_wconf 86' lang='lat' dir='ltr'>nerveae</span> <span class='ocrx_word' id='word_1_29' title='bbox 584 550 867 604; x_wconf 74' lang='lat' dir='ltr'>ponerentur</span> <span class='ocrx_word' id='word_1_30' title='bbox 891 543 1126 589; x_wconf 88' lang='lat' dir='ltr'>latitudine</span> <span class='ocrx_word' id='word_1_31' title='bbox 1162 543 1278 587; x_wconf 86' lang='lat' dir='ltr'>inter</span> <span class='ocrx_word' id='word_1_32' title='bbox 1304 541 1507 596; x_wconf 75' lang='lat'>0‚0004&#39;&#39;‘</span> <span class='ocrx_word' id='word_1_33' title='bbox 1536 549 1581 587; x_wconf 89' lang='lat' dir='ltr'>et</span> <span class='ocrx_word' id='word_1_34' title='bbox 1617 540 1841 602; x_wconf 77' lang='grc' dir='ltr'>Ο,Ο1”’19)</span> 
     </span>
     <span class='ocr_line' id='line_1_6' title="bbox 219 610 1842 672; baseline -0.002 -15"><span class='ocrx_word' id='word_1_35' title='bbox 219 614 471 667; x_wconf 80' lang='lat' dir='ltr'>variantes,</span> <span class='ocrx_word' id='word_1_36' title='bbox 518 613 676 672; x_wconf 89' lang='lat' dir='ltr'>quales</span> <span class='ocrx_word' id='word_1_37' title='bbox 720 612 903 671; x_wconf 88' lang='lat' dir='ltr'>quidem</span> <span class='ocrx_word' id='word_1_38' title='bbox 953 611 1288 656; x_wconf 76' lang='lat' dir='ltr'>dimensionum</span> <span class='ocrx_word' id='word_1_39' title='bbox 1333 610 1616 655; x_wconf 73' lang='lat' dir='ltr'>differentias</span> <span class='ocrx_word' id='word_1_40' title='bbox 1658 611 1702 655; x_wconf 91' lang='lat' dir='ltr'>in</span> <span class='ocrx_word' id='word_1_41' title='bbox 1745 610 1842 654; x_wconf 90' lang='lat' dir='ltr'>aliis</span> 
     </span>
     <span class='ocr_line' id='line_1_7' title="bbox 220 677 1842 738; baseline -0.002 -13"><span class='ocrx_word' id='word_1_42' title='bbox 220 681 376 726; x_wconf 87' lang='lat' dir='ltr'>formis</span> <span class='ocrx_word' id='word_1_43' title='bbox 402 680 721 733; x_wconf 90' lang='lat' dir='ltr'>elementariis,</span> <span class='ocrx_word' id='word_1_44' title='bbox 757 694 895 737; x_wconf 87' lang='lat' dir='ltr'>unam</span> <span class='ocrx_word' id='word_1_45' title='bbox 927 678 1215 738; x_wconf 83' lang='lat' dir='ltr'>eandemque</span> <span class='ocrx_word' id='word_1_46' title='bbox 1248 679 1526 723; x_wconf 82' lang='lat' dir='ltr'>functiOnem</span> <span class='ocrx_word' id='word_1_47' title='bbox 1553 677 1842 731; x_wconf 85' lang='lat' dir='ltr'>obeuntibus,</span> 
     </span>
     <span class='ocr_line' id='line_1_8' title="bbox 220 745 1598 808; baseline -0.002 -15"><span class='ocrx_word' id='word_1_48' title='bbox 220 762 304 808; x_wconf 88' lang='lat' dir='ltr'>per</span> <span class='ocrx_word' id='word_1_49' title='bbox 341 754 483 792; x_wconf 89' lang='lat' dir='ltr'>totam</span> <span class='ocrx_word' id='word_1_50' title='bbox 523 746 780 792; x_wconf 86' lang='lat' dir='ltr'>zootomiae</span> <span class='ocrx_word' id='word_1_51' title='bbox 814 746 1092 806; x_wconf 83' lang='lat' dir='ltr'>provinciam</span> <span class='ocrx_word' id='word_1_52' title='bbox 1132 748 1299 790; x_wconf 81' lang='lat' dir='ltr'>frustra</span> <span class='ocrx_word' id='word_1_53' title='bbox 1332 745 1598 805; x_wconf 83' lang='lat' dir='ltr'>quaesieris.</span> 
     </span>
     <span class='ocr_line' id='line_1_9' title="bbox 361 811 1846 873; baseline -0.003 -13"><span class='ocrx_word' id='word_1_54' title='bbox 361 815 573 860; x_wconf 77' lang='lat' dir='ltr'>Attamen</span> <span class='ocrx_word' id='word_1_55' title='bbox 611 814 647 860; x_wconf 85' lang='grc'>51</span> <span class='ocrx_word' id='word_1_56' title='bbox 685 815 787 873; x_wconf 88' lang='lat' dir='ltr'>quis</span> <span class='ocrx_word' id='word_1_57' title='bbox 821 814 1086 873; x_wconf 79' lang='lat' dir='ltr'>quaesierit,</span> <span class='ocrx_word' id='word_1_58' title='bbox 1130 813 1404 873; x_wconf 85' lang='lat' dir='ltr'>quibusnam</span> <span class='ocrx_word' id='word_1_59' title='bbox 1449 811 1755 858; x_wconf 81' lang='lat' dir='ltr'>fundamentis</span> <span class='ocrx_word' id='word_1_60' title='bbox 1787 826 1846 856; x_wconf 82' lang='lat' dir='ltr'>ex</span> 
     </span>
     <span class='ocr_line' id='line_1_10' title="bbox 221 880 1845 943; baseline -0.002 -17"><span class='ocrx_word' id='word_1_61' title='bbox 221 883 451 928; x_wconf 81' lang='lat' dir='ltr'>anatomia</span> <span class='ocrx_word' id='word_1_62' title='bbox 487 882 638 943; x_wconf 90' lang='lat' dir='ltr'>petitis</span> <span class='ocrx_word' id='word_1_63' title='bbox 673 881 791 927; x_wconf 88' lang='grc'>11360</span> <span class='ocrx_word' id='word_1_64' title='bbox 824 881 1033 926; x_wconf 88' lang='lat' dir='ltr'>doctrina</span> <span class='ocrx_word' id='word_1_65' title='bbox 1077 881 1311 935; x_wconf 88' lang='lat' dir='ltr'>innitatur,</span> <span class='ocrx_word' id='word_1_66' title='bbox 1348 887 1394 925; x_wconf 92' lang='lat' dir='ltr'>et</span> <span class='ocrx_word' id='word_1_67' title='bbox 1430 894 1549 940; x_wconf 89' lang='lat' dir='ltr'>quae</span> <span class='ocrx_word' id='word_1_68' title='bbox 1593 880 1845 924; x_wconf 89' lang='lat' dir='ltr'>communis</span> 
     </span>
     <span class='ocr_line' id='line_1_11' title="bbox 222 947 1847 1008; baseline -0.002 -13"><span class='ocrx_word' id='word_1_69' title='bbox 222 950 278 995; x_wconf 89' lang='lat' dir='ltr'>sit</span> <span class='ocrx_word' id='word_1_70' title='bbox 313 949 493 995; x_wconf 90' lang='lat' dir='ltr'>indoles</span> <span class='ocrx_word' id='word_1_71' title='bbox 534 951 782 995; x_wconf 87' lang='lat' dir='ltr'>formarum</span> <span class='ocrx_word' id='word_1_72' title='bbox 828 948 1115 1008; x_wconf 90' lang='lat' dir='ltr'>quarundam</span> <span class='ocrx_word' id='word_1_73' title='bbox 1157 962 1341 993; x_wconf 85' lang='lat' dir='ltr'>massae</span> <span class='ocrx_word' id='word_1_74' title='bbox 1385 948 1597 993; x_wconf 74' lang='lat' dir='ltr'>cinereae</span> <span class='ocrx_word' id='word_1_75' title='bbox 1632 961 1716 1007; x_wconf 88' lang='lat' dir='ltr'>pro</span> <span class='ocrx_word' id='word_1_76' title='bbox 1750 947 1847 991; x_wconf 91' lang='grc'>616-</span> 
     </span>
     <span class='ocr_line' id='line_1_12' title="bbox 217 1015 1846 1063; baseline -0.002 -2"><span class='ocrx_word' id='word_1_77' title='bbox 217 1018 381 1063; x_wconf 88' lang='lat' dir='ltr'>mentis</span> <span class='ocrx_word' id='word_1_78' title='bbox 417 1018 601 1062; x_wconf 80' lang='lat' dir='ltr'>nerveis</span> <span class='ocrx_word' id='word_1_79' title='bbox 632 1017 889 1062; x_wconf 83' lang='lat' dir='ltr'>habitarum</span> <span class='ocrx_word' id='word_1_80' title='bbox 928 1022 973 1062; x_wconf 87' lang='lat' dir='ltr'>et</span> <span class='ocrx_word' id='word_1_81' title='bbox 1017 1018 1266 1061; x_wconf 84' lang='lat' dir='ltr'>formarum</span> <span class='ocrx_word' id='word_1_82' title='bbox 1302 1015 1426 1061; x_wconf 87' lang='lat' dir='ltr'>hand</span> <span class='ocrx_word' id='word_1_83' title='bbox 1463 1015 1601 1060; x_wconf 86' lang='lat' dir='ltr'>dubie</span> <span class='ocrx_word' id='word_1_84' title='bbox 1632 1015 1846 1059; x_wconf 69' lang='grc'>’11611763-</span> 
     </span>
     <span class='ocr_line' id='line_1_13' title="bbox 219 1082 1846 1145; baseline -0.002 -16"><span class='ocrx_word' id='word_1_85' title='bbox 219 1100 330 1140; x_wconf 86' lang='lat' dir='ltr'>rum,</span> <span class='ocrx_word' id='word_1_86' title='bbox 350 1111 415 1118; x_wconf 94' lang='lat'>—-</span> <span class='ocrx_word' id='word_1_87' title='bbox 436 1086 597 1145; x_wconf 89' lang='lat' dir='ltr'>quales</span> <span class='ocrx_word' id='word_1_88' title='bbox 625 1091 730 1130; x_wconf 89' lang='lat' dir='ltr'>sunt</span> <span class='ocrx_word' id='word_1_89' title='bbox 756 1084 897 1129; x_wconf 86' lang='lat' dir='ltr'>tubuli</span> <span class='ocrx_word' id='word_1_90' title='bbox 935 1084 1219 1129; x_wconf 86' lang='lat' dir='ltr'>substantiae</span> <span class='ocrx_word' id='word_1_91' title='bbox 1254 1084 1387 1129; x_wconf 85' lang='lat' dir='ltr'>albae</span> <span class='ocrx_word' id='word_1_92' title='bbox 1418 1083 1659 1128; x_wconf 86' lang='lat' dir='ltr'>medullam</span> <span class='ocrx_word' id='word_1_93' title='bbox 1697 1082 1846 1126; x_wconf 88' lang='lat' dir='ltr'>conti-</span> 
     </span>
     <span class='ocr_line' id='line_1_14' title="bbox 219 1151 1846 1211; baseline -0.002 -15"><span class='ocrx_word' id='word_1_94' title='bbox 219 1159 395 1207; x_wconf 88' lang='lat' dir='ltr'>nentes,</span> <span class='ocrx_word' id='word_1_95' title='bbox 433 1152 532 1197; x_wconf 71' lang='lat' dir='ltr'>axis</span> <span class='ocrx_word' id='word_1_96' title='bbox 567 1151 757 1211; x_wconf 63' lang='lat' dir='ltr'>cylindri</span> <span class='ocrx_word' id='word_1_97' title='bbox 795 1151 914 1205; x_wconf 88' lang='lat' dir='ltr'>nudi,</span> <span class='ocrx_word' id='word_1_98' title='bbox 951 1152 1139 1196; x_wconf 82' lang='lat' dir='ltr'>cellulae</span> <span class='ocrx_word' id='word_1_99' title='bbox 1188 1152 1456 1209; x_wconf 82' lang='lat' dir='ltr'>gangliosae</span> <span class='ocrx_word' id='word_1_100' title='bbox 1500 1164 1720 1208; x_wconf 88' lang='lat' dir='ltr'>magnae,</span> <span class='ocrx_word' id='word_1_101' title='bbox 1771 1163 1846 1194; x_wconf 88' lang='lat' dir='ltr'>ra-</span> 
     </span>
     <span class='ocr_line' id='line_1_15' title="bbox 220 1217 1846 1274; baseline -0.002 -9"><span class='ocrx_word' id='word_1_102' title='bbox 220 1218 373 1265; x_wconf 89' lang='lat' dir='ltr'>diatae</span> <span class='ocrx_word' id='word_1_103' title='bbox 408 1246 484 1274; x_wconf 93' lang='lat'>-—-,</span> <span class='ocrx_word' id='word_1_104' title='bbox 525 1226 618 1265; x_wconf 90' lang='lat' dir='ltr'>tum</span> <span class='ocrx_word' id='word_1_105' title='bbox 663 1233 775 1264; x_wconf 88' lang='lat' dir='ltr'>sane</span> <span class='ocrx_word' id='word_1_106' title='bbox 823 1218 1079 1273; x_wconf 84' lang='lat' dir='ltr'>mirabitur,</span> <span class='ocrx_word' id='word_1_107' title='bbox 1127 1219 1295 1264; x_wconf 88' lang='lat' dir='ltr'>nullum</span> <span class='ocrx_word' id='word_1_108' title='bbox 1345 1219 1540 1263; x_wconf 88' lang='lat' dir='ltr'>subesse</span> <span class='ocrx_word' id='word_1_109' title='bbox 1573 1217 1846 1262; x_wconf 88' lang='lat' dir='ltr'>fundamen—</span> 
     </span>
     <span class='ocr_line' id='line_1_16' title="bbox 220 1282 1846 1346; baseline -0.001 -15"><span class='ocrx_word' id='word_1_110' title='bbox 220 1294 315 1333; x_wconf 88' lang='lat' dir='ltr'>tum</span> <span class='ocrx_word' id='word_1_111' title='bbox 376 1285 550 1332; x_wconf 89' lang='lat' dir='ltr'>firmum</span> <span class='ocrx_word' id='word_1_112' title='bbox 587 1301 641 1332; x_wconf 92' lang='lat' dir='ltr'>ac</span> <span class='ocrx_word' id='word_1_113' title='bbox 677 1287 860 1341; x_wconf 85' lang='lat' dir='ltr'>stabile,</span> <span class='ocrx_word' id='word_1_114' title='bbox 911 1287 998 1331; x_wconf 93' lang='lat' dir='ltr'>nisi</span> <span class='ocrx_word' id='word_1_115' title='bbox 1044 1287 1164 1333; x_wconf 89' lang='lat' dir='ltr'>sorte</span> <span class='ocrx_word' id='word_1_116' title='bbox 1208 1287 1262 1331; x_wconf 87' lang='lat' dir='ltr'>cli</span> <span class='ocrx_word' id='word_1_117' title='bbox 1315 1282 1634 1346; x_wconf 52' lang='lat' dir='ltr'>[munker-20)</span> <span class='ocrx_word' id='word_1_118' title='bbox 1678 1284 1846 1329; x_wconf 88' lang='lat' dir='ltr'>dictum</span> 
     </span>
     <span class='ocr_line' id='line_1_17' title="bbox 221 1353 1847 1414; baseline -0.001 -16"><span class='ocrx_word' id='word_1_119' title='bbox 221 1369 305 1414; x_wconf 91' lang='lat' dir='ltr'>pro</span> <span class='ocrx_word' id='word_1_120' title='bbox 340 1355 509 1400; x_wconf 89' lang='lat' dir='ltr'>idoneo</span> <span class='ocrx_word' id='word_1_121' title='bbox 550 1354 732 1399; x_wconf 72' lang='lat' dir='ltr'>duxerit</span> <span class='ocrx_word' id='word_1_122' title='bbox 776 1353 1072 1406; x_wconf 82' lang='lat' dir='ltr'>adminiculo,</span> <span class='ocrx_word' id='word_1_123' title='bbox 1124 1368 1174 1398; x_wconf 89' lang='lat' dir='ltr'>se</span> <span class='ocrx_word' id='word_1_124' title='bbox 1206 1353 1248 1397; x_wconf 90' lang='lat' dir='ltr'>in</span> <span class='ocrx_word' id='word_1_125' title='bbox 1284 1354 1496 1398; x_wconf 87' lang='lat' dir='ltr'>omnibus</span> <span class='ocrx_word' id='word_1_126' title='bbox 1540 1353 1707 1398; x_wconf 88' lang='lat' dir='ltr'>tubulis</span> <span class='ocrx_word' id='word_1_127' title='bbox 1739 1366 1847 1397; x_wconf 93' lang='lat' dir='ltr'>ner—</span> 
     </span>
     <span class='ocr_line' id='line_1_18' title="bbox 220 1420 1845 1481; baseline -0.002 -14"><span class='ocrx_word' id='word_1_128' title='bbox 220 1422 331 1476; x_wconf 69' lang='lat' dir='ltr'>veis,</span> <span class='ocrx_word' id='word_1_129' title='bbox 370 1436 426 1467; x_wconf 91' lang='lat' dir='ltr'>ne</span> <span class='ocrx_word' id='word_1_130' title='bbox 467 1421 744 1467; x_wconf 81' lang='lat' dir='ltr'>tenuissimis</span> <span class='ocrx_word' id='word_1_131' title='bbox 783 1421 966 1481; x_wconf 89' lang='lat' dir='ltr'>quidem</span> <span class='ocrx_word' id='word_1_132' title='bbox 1005 1422 1232 1481; x_wconf 76' lang='lat' dir='ltr'>exceptis,</span> <span class='ocrx_word' id='word_1_133' title='bbox 1287 1422 1386 1465; x_wconf 78' lang='lat' dir='ltr'>axis</span> <span class='ocrx_word' id='word_1_134' title='bbox 1429 1420 1679 1480; x_wconf 61' lang='lat' dir='ltr'>cylindrum</span> <span class='ocrx_word' id='word_1_135' title='bbox 1719 1426 1845 1464; x_wconf 91' lang='lat' dir='ltr'>certo</span> 
     </span>
     <span class='ocr_line' id='line_1_19' title="bbox 221 1487 1847 1549; baseline -0.002 -15"><span class='ocrx_word' id='word_1_136' title='bbox 221 1503 507 1548; x_wconf 80' lang='lat' dir='ltr'>cognoscere</span> <span class='ocrx_word' id='word_1_137' title='bbox 549 1490 755 1549; x_wconf 89' lang='lat' dir='ltr'>potuisse</span> <span class='ocrx_word' id='word_1_138' title='bbox 808 1488 1086 1534; x_wconf 81' lang='lat' dir='ltr'>affirmantis.</span> <span class='ocrx_word' id='word_1_139' title='bbox 1168 1488 1302 1542; x_wconf 85' lang='lat' dir='ltr'>Quod</span> <span class='ocrx_word' id='word_1_140' title='bbox 1347 1488 1514 1533; x_wconf 88' lang='lat' dir='ltr'>dictum</span> <span class='ocrx_word' id='word_1_141' title='bbox 1562 1494 1738 1541; x_wconf 88' lang='lat' dir='ltr'>tamen,</span> <span class='ocrx_word' id='word_1_142' title='bbox 1773 1487 1847 1531; x_wconf 86' lang='lat' dir='ltr'>vel</span> 
     </span>
     <span class='ocr_line' id='line_1_20' title="bbox 222 1554 1844 1616; baseline -0.001 -15"><span class='ocrx_word' id='word_1_143' title='bbox 222 1557 419 1602; x_wconf 78' lang='lat' dir='ltr'>maxime</span> <span class='ocrx_word' id='word_1_144' title='bbox 455 1571 645 1611; x_wconf 82' lang='lat' dir='ltr'>vercor,</span> <span class='ocrx_word' id='word_1_145' title='bbox 702 1571 759 1601; x_wconf 87' lang='lat' dir='ltr'>nc</span> <span class='ocrx_word' id='word_1_146' title='bbox 814 1557 914 1616; x_wconf 91' lang='lat' dir='ltr'>plus</span> <span class='ocrx_word' id='word_1_147' title='bbox 967 1556 1262 1601; x_wconf 85' lang='lat' dir='ltr'>dubitationis</span> <span class='ocrx_word' id='word_1_148' title='bbox 1314 1570 1450 1615; x_wconf 89' lang='lat' dir='ltr'>qnam</span> <span class='ocrx_word' id='word_1_149' title='bbox 1498 1554 1605 1600; x_wconf 87' lang='lat' dir='ltr'>fidei</span> <span class='ocrx_word' id='word_1_150' title='bbox 1649 1560 1844 1608; x_wconf 81' lang='lat' dir='ltr'>moveat,</span> 
     </span>
     <span class='ocr_line' id='line_1_21' title="bbox 221 1622 1846 1684; baseline -0.002 -15"><span class='ocrx_word' id='word_1_151' title='bbox 221 1639 359 1684; x_wconf 89' lang='lat' dir='ltr'>quum</span> <span class='ocrx_word' id='word_1_152' title='bbox 408 1625 681 1684; x_wconf 89' lang='lat' dir='ltr'>praesertim</span> <span class='ocrx_word' id='word_1_153' title='bbox 723 1625 792 1668; x_wconf 83' lang='lat' dir='ltr'>vir</span> <span class='ocrx_word' id='word_1_154' title='bbox 841 1624 1005 1669; x_wconf 85' lang='lat' dir='ltr'>doctus</span> <span class='ocrx_word' id='word_1_155' title='bbox 1054 1624 1152 1683; x_wconf 87' lang='lat' dir='ltr'>ipse</span> <span class='ocrx_word' id='word_1_156' title='bbox 1213 1623 1502 1669; x_wconf 89' lang='lat' dir='ltr'>tenuissimas</span> <span class='ocrx_word' id='word_1_157' title='bbox 1563 1622 1846 1667; x_wconf 89' lang='lat' dir='ltr'>substantiae</span> 
     </span>
     <span class='ocr_line' id='line_1_22' title="bbox 223 1689 1845 1749; baseline -0.001 -13"><span class='ocrx_word' id='word_1_158' title='bbox 223 1692 436 1737; x_wconf 85' lang='lat' dir='ltr'>cinereae</span> <span class='ocrx_word' id='word_1_159' title='bbox 483 1691 626 1737; x_wconf 90' lang='lat' dir='ltr'>fibras</span> <span class='ocrx_word' id='word_1_160' title='bbox 673 1692 896 1737; x_wconf 86' lang='lat' dir='ltr'>diametro</span> <span class='ocrx_word' id='word_1_161' title='bbox 943 1690 1147 1743; x_wconf 72' lang='lat' dir='ltr'>0,000l1·“&#39;</span> <span class='ocrx_word' id='word_1_162' title='bbox 1190 1705 1296 1735; x_wconf 90' lang='lat' dir='ltr'>esse</span> <span class='ocrx_word' id='word_1_163' title='bbox 1332 1691 1508 1735; x_wconf 81' lang='lat' dir='ltr'>afferat.</span> <span class='ocrx_word' id='word_1_164' title='bbox 1585 1689 1642 1734; x_wconf 88' lang='lat' dir='ltr'>At</span> <span class='ocrx_word' id='word_1_165' title='bbox 1683 1689 1845 1749; x_wconf 86' lang='lat' dir='ltr'>potius,</span> 
     </span>
     <span class='ocr_line' id='line_1_23' title="bbox 219 1757 1848 1819; baseline -0.003 -14"><span class='ocrx_word' id='word_1_166' title='bbox 219 1759 310 1805; x_wconf 90' lang='lat' dir='ltr'>hoc</span> <span class='ocrx_word' id='word_1_167' title='bbox 342 1774 479 1805; x_wconf 86' lang='lat' dir='ltr'>unum</span> <span class='ocrx_word' id='word_1_168' title='bbox 513 1774 651 1819; x_wconf 87' lang='lat' dir='ltr'>quum</span> <span class='ocrx_word' id='word_1_169' title='bbox 684 1766 898 1804; x_wconf 84' lang='lat' dir='ltr'>constare</span> <span class='ocrx_word' id='word_1_170' title='bbox 930 1759 1189 1812; x_wconf 80' lang='lat' dir='ltr'>videretur,</span> <span class='ocrx_word' id='word_1_171' title='bbox 1238 1772 1436 1803; x_wconf 85' lang='lat' dir='ltr'>massam</span> <span class='ocrx_word' id='word_1_172' title='bbox 1479 1757 1709 1802; x_wconf 90' lang='lat' dir='ltr'>cineream</span> <span class='ocrx_word' id='word_1_173' title='bbox 1740 1770 1848 1816; x_wconf 90' lang='lat' dir='ltr'>par-</span> 
     </span>
     <span class='ocr_line' id='line_1_24' title="bbox 222 1824 1848 1889; baseline -0.002 -18"><span class='ocrx_word' id='word_1_174' title='bbox 222 1828 330 1873; x_wconf 89' lang='lat' dir='ltr'>tium</span> <span class='ocrx_word' id='word_1_175' title='bbox 376 1828 639 1872; x_wconf 86' lang='lat' dir='ltr'>centralium</span> <span class='ocrx_word' id='word_1_176' title='bbox 684 1827 941 1887; x_wconf 85' lang='lat' dir='ltr'>portionem</span> <span class='ocrx_word' id='word_1_177' title='bbox 986 1825 1457 1889; x_wconf 24' lang='lat' dir='ltr'>necessariamgesse,</span> <span class='ocrx_word' id='word_1_178' title='bbox 1507 1824 1848 1869; x_wconf 83' lang='lat' dir='ltr'>conclusionem</span> 
     </span>
     <span class='ocr_line' id='line_1_25' title="bbox 221 1891 1847 1955; baseline -0.002 -17"><span class='ocrx_word' id='word_1_179' title='bbox 221 1894 327 1940; x_wconf 92' lang='lat' dir='ltr'>inde</span> <span class='ocrx_word' id='word_1_180' title='bbox 366 1895 643 1949; x_wconf 82' lang='lat' dir='ltr'>effecerunt,</span> <span class='ocrx_word' id='word_1_181' title='bbox 688 1894 897 1955; x_wconf 86' lang='lat' dir='ltr'>quamvis</span> <span class='ocrx_word' id='word_1_182' title='bbox 930 1894 1029 1951; x_wconf 85' lang='lat' dir='ltr'>ejus</span> <span class='ocrx_word' id='word_1_183' title='bbox 1081 1894 1342 1953; x_wconf 83' lang='lat' dir='ltr'>particulam</span> <span class='ocrx_word' id='word_1_184' title='bbox 1378 1893 1422 1937; x_wconf 76' lang='lat' dir='ltr'>vi</span> <span class='ocrx_word' id='word_1_185' title='bbox 1459 1892 1613 1937; x_wconf 82' lang='lat' dir='ltr'>nervis</span> <span class='ocrx_word' id='word_1_186' title='bbox 1648 1891 1847 1951; x_wconf 89' lang='lat' dir='ltr'>peculari</span> 
     </span>
     <span class='ocr_line' id='line_1_26' title="bbox 220 1962 1848 2020; baseline -0.002 -14"><span class='ocrx_word' id='word_1_187' title='bbox 220 1976 326 2008; x_wconf 87' lang='lat' dir='ltr'>esse</span> <span class='ocrx_word' id='word_1_188' title='bbox 362 1963 640 2008; x_wconf 85' lang='lat' dir='ltr'>instructam.</span> <span class='ocrx_word' id='word_1_189' title='bbox 723 1962 850 2015; x_wconf 84' lang='lat' dir='ltr'>Quae</span> <span class='ocrx_word' id='word_1_190' title='bbox 887 1962 1119 2007; x_wconf 90' lang='lat' dir='ltr'>conclusio</span> <span class='ocrx_word' id='word_1_191' title='bbox 1158 1967 1331 2015; x_wconf 88' lang='lat' dir='ltr'>tamen,</span> <span class='ocrx_word' id='word_1_192' title='bbox 1365 1974 1499 2020; x_wconf 85' lang='lat' dir='ltr'>quarn</span> <span class='ocrx_word' id='word_1_193' title='bbox 1534 1973 1670 2013; x_wconf 79' lang='lat' dir='ltr'>vera,</span> <span class='ocrx_word' id='word_1_194' title='bbox 1711 1973 1848 2018; x_wconf 87' lang='lat' dir='ltr'>quam</span> 
     </span>
     <span class='ocr_line' id='line_1_27' title="bbox 220 2025 1846 2087; baseline -0.002 -13"><span class='ocrx_word' id='word_1_195' title='bbox 220 2038 346 2074; x_wconf 87' lang='lat' dir='ltr'>certa</span> <span class='ocrx_word' id='word_1_196' title='bbox 395 2030 550 2083; x_wconf 86' lang='lat' dir='ltr'>fuerit,</span> <span class='ocrx_word' id='word_1_197' title='bbox 607 2028 772 2086; x_wconf 87' lang='lat' dir='ltr'>judicis</span> <span class='ocrx_word' id='word_1_198' title='bbox 834 2029 997 2086; x_wconf 84' lang='lat' dir='ltr'>integri</span> <span class='ocrx_word' id='word_1_199' title='bbox 1060 2035 1195 2087; x_wconf 87' lang='lat' dir='ltr'>atque</span> <span class='ocrx_word' id='word_1_200' title='bbox 1254 2027 1502 2086; x_wconf 85' lang='lat' dir='ltr'>incorrupti</span> <span class='ocrx_word' id='word_1_201' title='bbox 1552 2028 1629 2078; x_wconf 89' lang='lat' dir='ltr'>sit,</span> <span class='ocrx_word' id='word_1_202' title='bbox 1681 2025 1846 2071; x_wconf 89' lang='lat' dir='ltr'>decer-</span> 
     </span>
     <span class='ocr_line' id='line_1_28' title="bbox 220 2093 1847 2155; baseline -0.003 -13"><span class='ocrx_word' id='word_1_203' title='bbox 220 2098 357 2142; x_wconf 87' lang='lat' dir='ltr'>nere!</span> <span class='ocrx_word' id='word_1_204' title='bbox 450 2096 583 2155; x_wconf 88' lang='lat' dir='ltr'>Atqui</span> <span class='ocrx_word' id='word_1_205' title='bbox 645 2096 749 2141; x_wconf 86' lang='grc'>11010</span> <span class='ocrx_word' id='word_1_206' title='bbox 816 2096 1013 2140; x_wconf 77' lang='lat' dir='ltr'>maxime</span> <span class='ocrx_word' id='word_1_207' title='bbox 1081 2095 1281 2154; x_wconf 83' lang='lat' dir='ltr'>opinioni</span> <span class='ocrx_word' id='word_1_208' title='bbox 1343 2093 1710 2154; x_wconf 86' lang='lat' dir='ltr'>praejudicatae,</span> <span class='ocrx_word' id='word_1_209' title='bbox 1776 2093 1847 2137; x_wconf 91' lang='lat' dir='ltr'>in—</span> 
     </span>
     <span class='ocr_line' id='line_1_29' title="bbox 220 2159 1847 2221; baseline -0.002 -13"><span class='ocrx_word' id='word_1_210' title='bbox 220 2170 290 2209; x_wconf 90' lang='lat' dir='ltr'>ter</span> <span class='ocrx_word' id='word_1_211' title='bbox 336 2177 496 2209; x_wconf 89' lang='lat' dir='ltr'>omnes</span> <span class='ocrx_word' id='word_1_212' title='bbox 541 2163 826 2221; x_wconf 79' lang='lat' dir='ltr'>divulgatae,</span> <span class='ocrx_word' id='word_1_213' title='bbox 881 2163 1052 2206; x_wconf 88' lang='lat' dir='ltr'>crimini</span> <span class='ocrx_word' id='word_1_214' title='bbox 1096 2162 1277 2207; x_wconf 69' lang='lat' dir='ltr'>videtur</span> <span class='ocrx_word' id='word_1_215' title='bbox 1312 2161 1513 2207; x_wconf 87' lang='lat' dir='ltr'>dandum</span> <span class='ocrx_word' id='word_1_216' title='bbox 1544 2174 1673 2214; x_wconf 90' lang='lat' dir='ltr'>esse,</span> <span class='ocrx_word' id='word_1_217' title='bbox 1722 2159 1847 2219; x_wconf 89' lang='lat' dir='ltr'>quod</span> 
     </span>
     <span class='ocr_line' id='line_1_30' title="bbox 220 2227 1846 2290; baseline -0.003 -14"><span class='ocrx_word' id='word_1_218' title='bbox 220 2238 310 2276; x_wconf 90' lang='lat' dir='ltr'>tam</span> <span class='ocrx_word' id='word_1_219' title='bbox 361 2232 599 2276; x_wconf 87' lang='lat' dir='ltr'>multarum</span> <span class='ocrx_word' id='word_1_220' title='bbox 654 2231 1085 2290; x_wconf 79' lang='lat' dir='ltr'>perscrutatiomim,</span> <span class='ocrx_word' id='word_1_221' title='bbox 1146 2244 1247 2274; x_wconf 83' lang='lat' dir='ltr'>cum</span> <span class='ocrx_word' id='word_1_222' title='bbox 1302 2243 1411 2274; x_wconf 91' lang='lat' dir='ltr'>cura</span> <span class='ocrx_word' id='word_1_223' title='bbox 1458 2235 1595 2288; x_wconf 84' lang='lat' dir='ltr'>atque</span> <span class='ocrx_word' id='word_1_224' title='bbox 1650 2227 1846 2286; x_wconf 77' lang='lat' dir='ltr'>diligen—</span> 
     </span>
     <span class='ocr_line' id='line_1_31' title="bbox 220 2297 1846 2358; baseline -0.002 -15"><span class='ocrx_word' id='word_1_225' title='bbox 220 2299 281 2344; x_wconf 85' lang='lat' dir='ltr'>tia</span> <span class='ocrx_word' id='word_1_226' title='bbox 337 2305 680 2358; x_wconf 84' lang='lat' dir='ltr'>susceptarum,</span> <span class='ocrx_word' id='word_1_227' title='bbox 741 2304 934 2343; x_wconf 78' lang='lat' dir='ltr'>eventus</span> <span class='ocrx_word' id='word_1_228' title='bbox 996 2303 1085 2342; x_wconf 88' lang='lat' dir='ltr'>tam</span> <span class='ocrx_word' id='word_1_229' title='bbox 1152 2311 1312 2357; x_wconf 84' lang='lat' dir='ltr'>parum</span> <span class='ocrx_word' id='word_1_230' title='bbox 1366 2297 1482 2341; x_wconf 89' lang='lat' dir='ltr'>inter</span> <span class='ocrx_word' id='word_1_231' title='bbox 1540 2310 1590 2341; x_wconf 92' lang='lat' dir='ltr'>se</span> <span class='ocrx_word' id='word_1_232' title='bbox 1644 2309 1846 2352; x_wconf 88' lang='lat' dir='ltr'>congru-</span> 
     </span>
     <span class='ocr_line' id='line_1_32' title="bbox 222 2363 1846 2412; baseline -0.003 -1"><span class='ocrx_word' id='word_1_233' title='bbox 222 2373 310 2412; x_wconf 88' lang='lat' dir='ltr'>unt.</span> <span class='ocrx_word' id='word_1_234' title='bbox 380 2367 428 2410; x_wconf 90' lang='lat' dir='ltr'>In</span> <span class='ocrx_word' id='word_1_235' title='bbox 464 2365 682 2411; x_wconf 87' lang='lat' dir='ltr'>fibrarum</span> <span class='ocrx_word' id='word_1_236' title='bbox 721 2366 1003 2411; x_wconf 86' lang='lat' dir='ltr'>substantiae</span> <span class='ocrx_word' id='word_1_237' title='bbox 1037 2365 1248 2410; x_wconf 88' lang='lat' dir='ltr'>cinereae</span> <span class='ocrx_word' id='word_1_238' title='bbox 1283 2365 1523 2409; x_wconf 79' lang='lat' dir='ltr'>colluviem</span> <span class='ocrx_word' id='word_1_239' title='bbox 1569 2376 1681 2408; x_wconf 91' lang='lat' dir='ltr'>sane</span> <span class='ocrx_word' id='word_1_240' title='bbox 1714 2363 1846 2407; x_wconf 82' lang='lat' dir='ltr'>inex—</span> 
     </span>
     <span class='ocr_line' id='line_1_33' title="bbox 221 2429 1845 2494; baseline -0.004 -16"><span class='ocrx_word' id='word_1_241' title='bbox 221 2433 473 2494; x_wconf 86' lang='lat' dir='ltr'>plicabilem</span> <span class='ocrx_word' id='word_1_242' title='bbox 511 2433 547 2478; x_wconf 92' lang='lat' dir='ltr'>si</span> <span class='ocrx_word' id='word_1_243' title='bbox 596 2434 754 2478; x_wconf 89' lang='lat' dir='ltr'>oculos</span> <span class='ocrx_word' id='word_1_244' title='bbox 812 2433 1047 2490; x_wconf 86' lang='lat' dir='ltr'>conjicias,</span> <span class='ocrx_word' id='word_1_245' title='bbox 1104 2431 1180 2475; x_wconf 72' lang='lat' dir='ltr'>vix</span> <span class='ocrx_word' id='word_1_246' title='bbox 1234 2432 1419 2490; x_wconf 81' lang='lat' dir='ltr'>intelligi</span> <span class='ocrx_word' id='word_1_247' title='bbox 1467 2433 1608 2491; x_wconf 86' lang='lat' dir='ltr'>posse</span> <span class='ocrx_word' id='word_1_248' title='bbox 1654 2429 1845 2482; x_wconf 86' lang='lat' dir='ltr'>videtur,</span> 
     </span>
     <span class='ocr_line' id='line_1_34' title="bbox 220 2497 1846 2561; baseline -0.004 -15"><span class='ocrx_word' id='word_1_249' title='bbox 220 2516 312 2561; x_wconf 89' lang='lat' dir='ltr'>quo</span> <span class='ocrx_word' id='word_1_250' title='bbox 350 2500 488 2546; x_wconf 91' lang='lat' dir='ltr'>modo</span> <span class='ocrx_word' id='word_1_251' title='bbox 525 2499 630 2554; x_wconf 87' lang='lat' dir='ltr'>fiat,</span> <span class='ocrx_word' id='word_1_252' title='bbox 669 2506 717 2544; x_wconf 93' lang='lat' dir='ltr'>ut</span> <span class='ocrx_word' id='word_1_253' title='bbox 764 2500 1063 2553; x_wconf 73' lang='lat' dir='ltr'>observator,</span> <span class='ocrx_word' id='word_1_254' title='bbox 1111 2500 1187 2559; x_wconf 91' lang='lat' dir='ltr'>qui</span> <span class='ocrx_word' id='word_1_255' title='bbox 1234 2500 1637 2558; x_wconf 86' lang='lat' dir='ltr'>quamviscumque</span> <span class='ocrx_word' id='word_1_256' title='bbox 1682 2497 1846 2541; x_wconf 86' lang='lat' dir='ltr'>lineam</span> 
     </span>
     <span class='ocr_line' id='line_1_35' title="bbox 219 2563 1844 2629; baseline -0.004 -16"><span class='ocrx_word' id='word_1_257' title='bbox 219 2583 304 2629; x_wconf 90' lang='lat' dir='ltr'>per</span> <span class='ocrx_word' id='word_1_258' title='bbox 335 2574 655 2628; x_wconf 88' lang='lat' dir='ltr'>praeparatum</span> <span class='ocrx_word' id='word_1_259' title='bbox 688 2573 946 2626; x_wconf 86' lang='lat' dir='ltr'>porrectam</span> <span class='ocrx_word' id='word_1_260' title='bbox 979 2566 1140 2612; x_wconf 86' lang='lat' dir='ltr'>fibram</span> <span class='ocrx_word' id='word_1_261' title='bbox 1174 2580 1392 2611; x_wconf 81' lang='lat' dir='ltr'>norveam</span> <span class='ocrx_word' id='word_1_262' title='bbox 1426 2580 1532 2611; x_wconf 87' lang='lat' dir='ltr'>esse</span> <span class='ocrx_word' id='word_1_263' title='bbox 1577 2563 1844 2624; x_wconf 87' lang='lat' dir='ltr'>suspicetur,</span> 
     </span>
     <span class='ocr_line' id='line_1_36' title="bbox 219 2631 1846 2695; baseline -0.004 -14"><span class='ocrx_word' id='word_1_264' title='bbox 219 2650 314 2681; x_wconf 90' lang='lat' dir='ltr'>non</span> <span class='ocrx_word' id='word_1_265' title='bbox 350 2636 513 2689; x_wconf 88' lang='lat' dir='ltr'>statim,</span> <span class='ocrx_word' id='word_1_266' title='bbox 552 2641 794 2695; x_wconf 89' lang='lat' dir='ltr'>postquam</span> <span class='ocrx_word' id='word_1_267' title='bbox 826 2634 1071 2693; x_wconf 76' lang='lat' dir='ltr'>imaginem</span> <span class='ocrx_word' id='word_1_268' title='bbox 1108 2633 1396 2693; x_wconf 76' lang='lat' dir='ltr'>adspexerit,</span> <span class='ocrx_word' id='word_1_269' title='bbox 1445 2631 1674 2686; x_wconf 85' lang='lat' dir='ltr'>subsidia,</span> <span class='ocrx_word' id='word_1_270' title='bbox 1727 2644 1846 2691; x_wconf 89' lang='lat' dir='ltr'>quae</span> 
     </span>
     <span class='ocr_line' id='line_1_37' title="bbox 223 2698 1848 2763; baseline -0.003 -15"><span class='ocrx_word' id='word_1_271' title='bbox 223 2703 309 2748; x_wconf 86' lang='lat' dir='ltr'>sibi</span> <span class='ocrx_word' id='word_1_272' title='bbox 347 2703 391 2747; x_wconf 90' lang='grc'>111</span> <span class='ocrx_word' id='word_1_273' title='bbox 431 2708 646 2763; x_wconf 88' lang='lat' dir='ltr'>promptu</span> <span class='ocrx_word' id='word_1_274' title='bbox 685 2702 795 2755; x_wconf 89' lang='lat' dir='ltr'>sint,</span> <span class='ocrx_word' id='word_1_275' title='bbox 842 2702 1091 2747; x_wconf 86' lang='lat' dir='ltr'>suffectura</span> <span class='ocrx_word' id='word_1_276' title='bbox 1140 2701 1357 2761; x_wconf 87' lang='lat' dir='ltr'>desperet</span> <span class='ocrx_word' id='word_1_277' title='bbox 1402 2704 1538 2758; x_wconf 86' lang='lat' dir='ltr'>atque</span> <span class='ocrx_word' id='word_1_278' title='bbox 1586 2698 1778 2744; x_wconf 88' lang='lat' dir='ltr'>desistat</span> <span class='ocrx_word' id='word_1_279' title='bbox 1820 2712 1848 2743; x_wconf 93' lang='lat' dir='ltr'>a</span> 
     </span>
     <span class='ocr_line' id='line_1_38' title="bbox 224 2765 1847 2816; baseline -0.002 0"><span class='ocrx_word' id='word_1_280' title='bbox 224 2777 392 2816; x_wconf 89' lang='lat' dir='ltr'>conatu</span> <span class='ocrx_word' id='word_1_281' title='bbox 425 2784 485 2815; x_wconf 80' lang='lat' dir='ltr'>ex</span> <span class='ocrx_word' id='word_1_282' title='bbox 528 2768 805 2815; x_wconf 84' lang='lat' dir='ltr'>densissimo</span> <span class='ocrx_word' id='word_1_283' title='bbox 850 2768 938 2814; x_wconf 92' lang='lat' dir='ltr'>hoc</span> <span class='ocrx_word' id='word_1_284' title='bbox 981 2768 1200 2814; x_wconf 86' lang='lat' dir='ltr'>fibrarum</span> <span class='ocrx_word' id='word_1_285' title='bbox 1257 2768 1340 2812; x_wconf 88' lang='lat' dir='ltr'>reti</span> <span class='ocrx_word' id='word_1_286' title='bbox 1384 2767 1496 2812; x_wconf 86' lang='lat' dir='ltr'>alias</span> <span class='ocrx_word' id='word_1_287' title='bbox 1543 2765 1603 2812; x_wconf 87' lang='lat' dir='ltr'>ad</span> <span class='ocrx_word' id='word_1_288' title='bbox 1643 2765 1847 2812; x_wconf 88' lang='lat' dir='ltr'>radicum</span> 
     </span>
    </p>
   </div>
   <div class='ocr_carea' id='block_1_3' title="bbox 312 2942 1448 3048">
    <p class='ocr_par' dir='ltr' id='par_1_3' title="bbox 312 2942 1448 3048">
     <span class='ocr_line' id='line_1_39' title="bbox 317 2942 1239 2995; baseline -0.003 -17"><span class='ocrx_word' id='word_1_289' title='bbox 317 2943 382 2989; x_wconf 79' lang='lat'>19)</span> <span class='ocrx_word' id='word_1_290' title='bbox 419 2951 455 2995; x_wconf 77' lang='grc' dir='ltr'>ι1.</span> <span class='ocrx_word' id='word_1_291' title='bbox 482 2958 511 2979; x_wconf 84' lang='lat' dir='ltr'>c.</span> <span class='ocrx_word' id='word_1_292' title='bbox 538 2951 612 2979; x_wconf 85' lang='lat' dir='ltr'>Vol.</span> <span class='ocrx_word' id='word_1_293' title='bbox 638 2951 684 2991; x_wconf 85' lang='lat'>11,</span> <span class='ocrx_word' id='word_1_294' title='bbox 710 2950 802 2986; x_wconf 81' lang='lat' dir='ltr'>parte</span> <span class='ocrx_word' id='word_1_295' title='bbox 827 2950 855 2978; x_wconf 91' lang='lat'>1.</span> <span class='ocrx_word' id='word_1_296' title='bbox 904 2955 980 2984; x_wconf 78' lang='lat' dir='ltr'>pag.</span> <span class='ocrx_word' id='word_1_297' title='bbox 1009 2944 1073 2979; x_wconf 83' lang='lat'>391</span> <span class='ocrx_word' id='word_1_298' title='bbox 1101 2948 1135 2977; x_wconf 83' lang='lat' dir='ltr'>et</span> <span class='ocrx_word' id='word_1_299' title='bbox 1159 2942 1239 2976; x_wconf 77' lang='lat'><strong>480.</strong></span> 
     </span>
     <span class='ocr_line' id='line_1_40' title="bbox 312 2997 1448 3048; baseline -0.006 -7"><span class='ocrx_word' id='word_1_300' title='bbox 312 3002 378 3044; x_wconf 72' lang='lat'>20]</span> <span class='ocrx_word' id='word_1_301' title='bbox 424 3004 625 3046; x_wconf 71' lang='lat' dir='ltr'>Mikroskop.</span> <span class='ocrx_word' id='word_1_302' title='bbox 656 3003 844 3039; x_wconf 71' lang='lat' dir='ltr'>Anatomie„</span> <span class='ocrx_word' id='word_1_303' title='bbox 893 3005 969 3039; x_wconf 70' lang='lat' dir='ltr'>vol,</span> <span class='ocrx_word' id='word_1_304' title='bbox 995 3006 1042 3048; x_wconf 82' lang='lat'>11,</span> <span class='ocrx_word' id='word_1_305' title='bbox 1067 3005 1159 3042; x_wconf 77' lang='lat' dir='ltr'>parte</span> <span class='ocrx_word' id='word_1_306' title='bbox 1183 3005 1213 3037; x_wconf 69' lang='grc' dir='ltr'>Ι,</span> <span class='ocrx_word' id='word_1_307' title='bbox 1262 3009 1340 3042; x_wconf 77' lang='lat' dir='ltr'>pag.</span> <span class='ocrx_word' id='word_1_308' title='bbox 1368 2997 1448 3034; x_wconf 76' lang='lat'><strong>399.</strong></span> 
     </span>
    </p>
   </div>
  </div>
 </body>
</html>
