1936 3281
698 192 1033 244 mmm,

62 331 171 390 ipsis
219 327 500 388 corpusculis
538 334 583 373 et
625 342 783 373 eorum
821 328 1117 388 processibus
1148 329 1383 388 proprius,
1430 329 1505 387 qui
1537 343 1564 373 a
1598 342 1674 374 re·-¹

59 398 208 457 liquae
241 410 424 441 massae
469 396 623 440 colore
662 396 807 454 magis
853 410 910 440 ex
948 395 1079 440 viridi
1123 396 1251 441 fusco
1297 396 1405 440 satis
1441 395 1672 451 abhorret,

59 465 133 509 vel
169 464 364 509 maxime
399 464 442 507 in
470 464 627 508 oculos
652 462 861 508 incurrat.
932 463 1127 508 Medulla
1166 477 1255 522 quo
1292 463 1457 508 diutius
1490 464 1533 507 in
1559 463 1677 508 acidi

59 530 274 576 chromiei
314 531 536 575 solutione
576 531 707 575 suerit
744 531 914 583 relicta,
967 544 1023 574 eo
1071 531 1218 588 magis
1254 531 1357 584 iste,
1400 544 1535 590 quem
1569 530 1674 585 dixi,

59 599 187 643 color
225 600 430 643 intensus
473 604 674 657 apparet,
712 611 803 657 quo
836 597 1066 655 contingit,
1108 604 1155 641 nt
1187 611 1431 656 corporum
1466 598 1676 656 ganglio—

60 679 214 710 sorum
250 679 497 725 processus
532 663 671 724 saepe
705 665 774 709 vel
811 679 869 708 ex
906 666 1060 709 colore
1093 665 1345 723 pellucente
1382 679 1464 724 per
1497 664 1675 722 longius

58 732 280 778 decursus
323 731 391 777 sui
439 733 630 791 spatium
683 732 726 775 111
771 746 927 776 massa
976 732 1156 776 cinerea
1204 746 1490 790 cognoscere
1530 732 1674 776 liceat.

57 799 210 845 Altera
245 813 319 845 res
353 813 499 857 aeque
552 813 774 859 prospera
813 813 865 844 ac
903 798 1103 844 secunda
1148 799 1206 843 ad
1243 798 1676 844 animadvertendas

59 868 241 912 cellulas
286 867 550 925 gangliosas
598 866 641 910 in
680 867 827 911 minus
867 866 1021 911 intimo
1059 881 1213 911 earum
1253 881 1355 911 cnm
1396 880 1551 911 massa
1585 867 1675 911 611·-

59 934 372 993 cumcingente
404 947 615 978 connexu
641 934 841 992 reposita
878 939 959 987 est,
995 948 1112 992 quae
1144 948 1300 979 massa
1336 935 1519 979 cellulas
1545 934 1675 993 quasi

59 1002 256 1061 capsulis
280 1000 456 1059 magnis
482 1000 709 1044 immissas
735 1000 945 1053 continet,
984 1001 1043 1044 ita
1070 1007 1127 1054 ut,
1164 1002 1199 1045 si
1226 1001 1409 1059 quidem
1436 1006 1677 1075 segmenta

59 1075 129 1113 sat
154 1068 305 1113 tenuia
341 1067 598 1120 institueris,
633 1067 779 1124 major
813 1067 1074 1112 cellularum
1107 1067 1448 1125 gangliosarum
1484 1081 1592 1127 pa1s
1630 1069 1675 1111 111

59 1135 306 1194 segmentis
332 1139 647 1179 contentarum
676 1134 816 1178 1111613
849 1141 985 1193 atque
1011 1134 1219 1194 1110116113
1246 1133 1483 1194 adspectui
1508 1141 1673 1194 pateat.

58 1202 189 1256 Quod
215 1216 351 1262 quum
386 1202 446 1246 ita
483 1214 532 1245 se
568 1201 748 1254 habeat,
783 1201 1097 1261 disquisitione
1135 1202 1293 1246 11611111]
1329 1216 1382 1246 36
1419 1202 1603 1262 saepius
1628 1203 1675 1247 in

58 1270 261 1314 centenis
302 1269 589 1329 praepaiatis
640 1267 853 1328 repetita,
902 1269 1063 1314 hoium
1106 1270 1432 1313 elementoium
1477 1276 1568 1314 tam
1605 1269 1676 1314 di-

59 1337 323 1382 stinctorum
361 1342 407 1381 et
441 1336 552 1381 situs
602 1342 648 1380 et
696 1335 934 1395 dispositio
977 1342 1188 1381 accurate
1231 1336 1462 1396 explorari
1508 1342 1673 1397 potest.

55 1404 124 1449 Ad
151 1418 342 1463 quorum
375 1403 506 1448 situm
542 1404 586 1446 111
621 1403 873 1448 substantia
909 1405 1089 1448 cinerea
1116 1403 1238 1463 quod
1267 1404 1435 1458 attinet,
1463 1404 1675 1464 equidem

56 1485 149 1515 non
182 1485 382 1531 possum,
419 1470 525 1529 quin
561 1484 615 1514 ea
649 1469 922 1525 confirmem,
958 1485 1076 1530 quae
1115 1469 1407 1532 80111ιὶ1196)
1447 1472 1491 1515 in
1527 1486 1675 1516 mam-

55 1539 247 1592 malium,
318 1536 734 1599 Owsjann‘e‘lcoff'f)
776 1538 818 1582 in
858 1539 1046 1597 piscium
1077 1538 1272 1583 medulla
1313 1539 1472 1598 spinali
1511 1539 1677 1584 obser*

54 1611 290 1650 vaverunt.
362 1606 496 1650 Solas
534 1605 651 1649 enim
688 1605 970 1650 substantiae
1015 1606 1226 1650 cinereae
1265 1607 1501 1665 portiones
1545 1613 1677 1652 ante-

54 1672 201 1718 riores
233 1673 463 1725 laterales,
499 1686 617 1732 quae
660 1672 851 1717 eaedem
898 1678 1002 1717 sunt
1037 1680 1173 1732 atque
1205 1687 1378 1718 cornua
1420 1675 1673 1729 ant-eriora,

54 1740 365 1801 quasi'cubile
410 1753 515 1784 esse
563 1739 952 1794 demonstrarunt„
1000 1740 1044 1783 in
1079 1754 1169 1800 quo
1204 1755 1401 1800 corpora
1436 1742 1677 1800 gangliosa

53 1820 222 1866 magna
262 1806 418 1852 sedem
459 1806 730 1851 obtinerent.
803 1807 858 1851 Et
896 1807 1107 1866 equidem
1140 1807 1183 1851 in
1222 1822 1333 1852 rana
1368 1808 1676 1868 perquirenda

53 1873 168 1919 haec
213 1887 410 1933 corpora
443 1888 685 1933 numquam
724 1875 838 1919 ultra
874 1874 1139 1919 diametrum
1176 1875 1401 1920 medullae
1436 1882 1676 1920 transver-

52 1942 236 1986 versam
284 1941 329 1985 in
381 1941 637 2000 posteriore
690 1941 972 1986 substantiae
1022 1942 1232 1987 cinereae
1280 1942 1464 1987 dimidio
1511 1944 1673 2003 reperi.

53 2009 181 2062 Quae
229 2022 425 2067 corpora
459 2007 654 2052 maxime
694 2008 736 2051 in
782 2009 835 2053 iis
873 2009 1097 2053 medullae
1133 2009 1319 2068 spinalis
1353 2011 1579 2070 partibus,
1629 2010 1675 2055 in

53 2076 218 2135 quibus
249 2076 395 2132 maJ'or
431 2088 591 2119 eorum
624 2075 863 2120 multitudo
898 2082 1071 2130 exstat,
1113 2077 1252 2121 veluti
1289 2078 1333 2121 in
1369 2083 1562 2137 utraque
1603 2078 1674 2121 in-

54 2141 373 2196 tumescentia,
422 2148 548 2186 certo
585 2142 786 2202 quodam
832 2143 971 2187 modo
1006 2143 1228 2203 disposita
1270 2158 1375 2189 esse
1415 2151 1672 2190 cernuntur.

52 2209 131 2254 His
165 2209 283 2254 enim
321 2208 432 2253 locis
471 2210 668 2254 maxima
701 2223 761 2253 ex
786 2216 915 2269 parte
954 2211 1143 2255 alterum
1176 2212 1303 2255 alteri
1330 2211 1512 2257 adnexa
1536 2227 1674 2257 unam

53 2276 239 2330 lineam,
286 2289 403 2334 quae
443 2275 501 2319 ab
542 2275 770 2320 anteriore
805 2283 1089 2335 externoque
1128 2278 1412 2323 substantiae
1461 2280 1673 2324 cinereae

55 2343 221 2402 angulo
249 2342 307 2386 ad
337 2348 512 2402 partem
536 2343 839 2401 posteriorem
871 2344 1195 2402 internamque,
1233 2345 1530 2391 canaliculum
1562 2360 1673 2390 cen-

55 2411 237 2455 stralem
266 2423 438 2462 versus,
475 2409 627 2462 tendit,
666 2408 876 2463 efficiunt,
913 2410 1056 2455 canali
1082 2416 1232 2455 tamen
1269 2426 1360 2456 non
1394 2414 1508 2457 ultra
1539 2412 1672 2457 dimi-

54 2477 173 2522 diam
215 2476 350 2534 hujus
398 2475 544 2520 lineae
585 2482 759 2535 partem
810 2478 1222 2537 appropinquantia
1263 2478 1336 2538 (ef.
1372 2480 1461 2524 tab.
1494 2478 1567 2538 fig.
1609 2479 1670 2540 4).

53 2545 141 2598 Illa,
182 2557 317 2604 quam
343 2542 548 2596 diximus,
586 2542 883 2602 dispositione
910 2543 1112 2598 efficitur,
1150 2552 1197 2590 ut
1223 2546 1409 2591 cellulae
1436 2548 1670 2592 confertae

53 2612 196 2656 altera
240 2612 428 2656 alteram
467 2610 767 2669 complanent..
838 2612 1002 2656 Forma
1039 2612 1156 2656 enim
1205 2612 1514 2671 triangularis,
1551 2628 1670 2672 quae

54 2677 225 2723 cellulis
260 2677 471 2736 singulis,
519 2677 763 2736 separatim
794 2679 975 2738 positis,
1020 2679 1205 2739 propria
1240 2685 1322 2733 est,
1360 2681 1395 2725 si
1433 2681 1670 2726 confertim

53 2746 230 2791 locatae
270 2751 384 2799 sunt,
421 2745 466 2789 in
502 2743 762 2804 oblongam,
801 2746 913 2793 fusis
940 2745 1138 2801 similem,
1166 2752 1457 2807 permutatur,
1494 2747 1669 2794 diame-

146 2929 186 2972 6)
231 2934 256 2964 l.
283 2941 314 2965 e.
338 2940 416 2971 pag.
442 2930 499 2966 39.

147 2985 189 3029 ’1)
233 2991 260 3023 1.
282 2998 312 3023 c.
339 2998 416 3029 pag.
444 2986 500 3022 37.

1751 22 1883 94 m*
