1991 3270
873 219 1214 267 *20⁵*

233 350 381 397 culum
419 351 666 397 neutralem
707 351 804 396 sitis
840 366 1090 411 processus
1132 352 1204 396 ille
1248 366 1349 396 cum
1384 350 1460 396 filo
1505 365 1532 396 e
1564 351 1724 396 cellula
1757 351 1855 411 epi—

230 417 400 464 theliali
436 418 694 479 prodeunte
731 433 970 464 connexus
1007 418 1259 464 videbatur.
1330 419 1537 479 Denique
1574 424 1667 463 tota
1704 418 1856 478 imago

232 501 457 532 summam
489 501 590 531 cum
626 486 745 531 telae
781 486 1098 544 conjunctivae
1143 485 1425 546 corpusculis
1469 485 1734 531 catervatim
1771 500 1858 546 po-

232 554 330 600 sitis
364 553 643 615 radiatisque
679 560 725 598 et
757 554 874 599 inter
910 569 960 599 se
989 554 1157 612 junctis
1192 554 1353 599 obtulit
1384 553 1725 599 similitudinem.
1767 553 1858 598 Lo-

231 620 297 667 cis
333 636 359 667 a
396 621 547 667 media
595 623 853 681 praeparati
901 628 1028 681 parte
1079 621 1401 666 remotioribus
1450 621 1596 666 maior
1635 620 1856 680 segmenti

231 689 489 735 crassitudo
523 689 874 750 pelluciditatcm
912 689 1079 743 minuit,
1119 705 1207 748 qua
1254 703 1303 733 re
1337 691 1501 733 factum
1539 695 1621 742 cst,
1659 694 1707 733 ut
1741 688 1857 733 den-

232 756 350 801 ticuli
400 756 492 811 isti,
541 757 670 802 lineis
702 757 839 816 longe
876 757 1157 801 tenuioribus
1195 763 1331 816 atque
1367 755 1678 816 pallidioribus
1721 769 1857 815 quam

230 824 420 870 cellulae
456 824 647 879 limitati,
686 838 779 869 non
814 824 1004 884 amplius
1055 825 1258 884 conspici
1300 831 1513 884 possent,
1553 823 1635 869 sed
1670 823 1857 868 cellulae

230 905 476 952 corporum
528 891 829 938 rotundorum
876 892 1131 951 aequalium
1183 890 1381 952 speciem
1423 906 1534 951 prae
1582 905 1632 936 sc
1675 892 1857 935 ferrent.

228 957 444 1005 Attamen
479 960 522 1004 in
559 960 809 1019 segmentis
844 973 1047 1019 quoquc,
1085 974 1204 1019 quae
1257 974 1314 1004 ex
1354 959 1450 1004 aliis
1496 958 1722 1003 medullae
1764 958 1857 1017 spi-

229 1026 346 1072 nalis
383 1027 592 1087 partibus
627 1027 819 1087 repetita
857 1029 1055 1081 suci-ant,
1102 1027 1335 1087 portiones
1383 1026 1568 1072 omnino
1606 1025 1859 1086 pellucidae

229 1093 405 1150 eadem,
442 1108 560 1154 quae
587 1095 794 1154 explicui,
828 1094 1107 1139 observandi
1146 1094 1439 1140 occasionem
1474 1094 1729 1147 attulerunt,
1767 1106 1857 1153 quo

230 1161 459 1216 adducor,
502 1168 573 1215 ut,
618 1175 735 1221 quae
781 1161 921 1206 modo
967 1161 1024 1206 dc
1066 1163 1324 1207 cellularum
1358 1163 1543 1207 istarum
1593 1161 1680 1206 situ
1721 1166 1857 1220 atque

230 1229 554 1288 conjunctione
589 1229 796 1290 exposui,
830 1243 885 1274 ea
922 1242 1105 1289 semper
1138 1230 1199 1275 ita
1238 1243 1288 1275 se
1319 1229 1494 1275 habere
1532 1228 1799 1274 existimem.

892 1384 946 1439 d.
994 1385 1198 1454 fibrae.

363 1508 462 1554 Jam
498 1508 541 1552 in
574 1507 781 1567 imaginis
816 1509 1177 1569 inieroscopicac
1226 1509 1610 1570 contemplatione
1656 1524 1680 1555 a
1717 1510 1856 1555 cellu-

228 1576 284 1621 lis
322 1576 382 1621 ad
435 1575 635 1621 fibrosas
681 1576 963 1622 substantiae
1012 1576 1226 1622 cinereae
1266 1584 1420 1637 partes
1471 1578 1665 1623 transire
1709 1577 1854 1629 liceat,

229 1658 420 1704 quarum
454 1643 650 1705 quidem,
685 1644 722 1689 si
757 1658 848 1689 non
889 1658 938 1688 re
974 1659 1104 1699 vera,
1142 1651 1188 1690 at
1222 1651 1438 1705 quantum
1466 1645 1646 1690 videtur
1684 1645 1854 1696 saltem,

228 1718 356 1757 tanta
392 1717 464 1757 est
497 1710 747 1765 multitudo,
784 1718 831 1756 ut
869 1712 1152 1755 Blattmcmn
1170 1712 1217 1774 8)
1267 1727 1347 1758 eas
1383 1726 1467 1773 pro
1505 1713 1614 1758 solis
1653 1713 1856 1758 elemen-

228 1779 286 1825 tis
318 1779 439 1824 hanc
475 1779 776 1824 substantiam
804 1780 1185 1825 constituentibus
1221 1780 1462 1826 habendas
1496 1794 1602 1826 esse
1638 1779 1857 1825 docuerit.

363 1847 571 1892 Omnium
618 1847 809 1906 primum
857 1848 1186 1893 elementorum
1235 1847 1357 1894 baud
1404 1847 1541 1893 dubie
1580 1862 1855 1895 nerveorum

228 1914 398 1960 mentio
447 1921 519 1960 est
561 1914 809 1968 inserenda,
850 1930 969 1974 quae
1016 1916 1304 1974 gangliffl‘um
1359 1930 1608 1975 processus
1648 1915 1857 1960 continu—

230 1982 363 2038 antia,
398 1988 444 2027 et
469 1981 619 2027 nudos
646 1982 746 2027 axis
773 1981 1005 2041 cylindros
1029 1983 1270 2028 formantia
1297 1997 1379 2042 per
1405 1983 1704 2028 substantiam
1731 1983 1856 2027 cine-

229 2063 358 2094 ream
389 2049 696 2109 porriguntur,
734 2048 955 2109 huicque,
1001 2051 1168 2108 vagina
1201 2050 1439 2095 medullari
1476 2050 1736 2104 accedente,
1775 2064 1857 2109 per

229 2115 536 2162 substantiam
568 2116 720 2161 albam
752 2116 797 2160 iu
834 2131 1078 2162 nervorum
1114 2116 1352 2177 spinalium
1388 2116 1567 2163 radices
1607 2123 1855 2162 transeunt.

228 2182 413 2229 Fibram
450 2185 570 2229 enim
606 2197 837 2238 nerveam,
878 2199 998 2243 quae
1032 2191 1196 2244 postea
1231 2185 1286 2230 sit
1322 2185 1451 2230 lineis
1488 2184 1743 2244 duplicibus
1768 2184 1857 2228 cir-

231 2251 457 2305 cumdata,
491 2252 637 2296 forma
674 2250 781 2296 nudi
818 2252 918 2297 axis
949 2251 1140 2312 cylindri
1185 2266 1210 2297 e
1244 2252 1402 2297 cellula
1437 2252 1678 2311 gangliosa
1717 2252 1854 2305 exire,

230 2318 363 2365 sicuti
394 2320 488 2378 J'am
522 2334 548 2364 a
582 2318 835 2377 Rudolplto
888 2319 1099 2377 tva-quer
1117 2316 1164 2380 9)
1202 2320 1246 2364 in
1270 2318 1577 2379 ‘disquirendo
1616 2320 1724 2365 lobo
1761 2319 1856 2363 ele-

230 2387 372 2432 ctrico
406 2387 550 2445 Rajae
597 2386 868 2446 Torpedinis
917 2387 1213 2432 observatum
1254 2388 1423 2442 fuerat,
1466 2387 1570 2432 item
1619 2387 1676 2432 ab
1719 2385 1855 2430 Ows—

225 2453 577 2516 ffannikoffm)
627 2453 686 2499 de
730 2454 918 2513 piscium
959 2454 1156 2500 medulla
1208 2455 1367 2514 spinali
1407 2462 1478 2500 est
1527 2453 1853 2500 confirmatum.

232 2522 307 2568 Sic
351 2528 397 2567 et
435 2523 536 2582 ipse
571 2535 663 2565 non
701 2521 746 2565 in
786 2535 996 2566 ranarum
1036 2522 1196 2576 inodo,
1248 2521 1331 2568 sed
1373 2523 1508 2567 etiam
1551 2521 1854 2568 mammalium

231 2588 521 2649 quorundam
577 2587 775 2634 medulla
826 2602 922 2633 rem
975 2589 1036 2635 ita
1087 2603 1138 2635 se
1182 2589 1355 2635 hahere
1416 2603 1552 2650 quam
1601 2588 1855 2633 certissime

229 2655 339 2701 mihi
373 2655 594 2717 persuasi.
667 2655 863 2701 Cellulae
900 2657 1171 2715 gangliosae
1207 2670 1467 2717 processus,
1499 2669 1608 2701 mox
1645 2661 1854 2702 attenua—
1907 2688 1912 2693 .

231 2728 330 2779 tuS,
365 2724 498 2770 brevi
542 2722 824 2769 latitudinem
873 2722 1052 2769 circiter
1085 2723 1258 2779 0,003“'
1304 2738 1413 2784 par„
1459 2723 1505 2768 in
1550 2721 1726 2782 reliquo
1770 2723 1854 2768 de-

322 2892 344 2924 8
413 2895 438 2924 1.
465 2902 496 2924 c.
545 2900 564 2923 a
593 2915 601 2923 .
632 2889 688 2924 18.

321 2893 366 2990 93
411 2901 633 2983 Naenripchgien
655 2956 722 2982 von
745 2950 803 2980 der
827 2950 868 2980 G.
895 2951 939 2981 A.
961 2947 1183 2986 Universitit.
1235 2951 1290 2985 Nx.
1315 2947 1349 2983 3.
1398 2952 1524 2984 Januar
1549 2947 1651 2984 1854,

324 3003 390 3050 ¹⁰)
436 3009 462 3042 ιι
488 3015 520 3043 c·
545 3014 625 3050 pag·
653 3004 710 3044 ¹8·
756 3007 869 3043 aanto
894 3004 931 3043 2·
