<?xml version="1.0" encoding="UTF-8"?>
<!DOCTYPE html PUBLIC "-//W3C//DTD XHTML 1.0 Transitional//EN"
    "http://www.w3.org/TR/xhtml1/DTD/xhtml1-transitional.dtd">
<html xmlns="http://www.w3.org/1999/xhtml" xml:lang="en" lang="en">
 <head>
  <title>
</title>
<meta http-equiv="Content-Type" content="text/html;charset=utf-8" />
  <meta name='ocr-system' content='tesseract 3.04.00' />
  <meta name='ocr-capabilities' content='ocr_page ocr_carea ocr_par ocr_line ocrx_word'/>
</head>
<body>
  <div class='ocr_page' id='page_1' title='image "./demedullaespinal00kupf_0055.png"; bbox 0 0 1991 3270; ppageno 0'>
   <div class='ocr_carea' id='block_1_1' title="bbox 710 226 1042 276">
    <p class='ocr_par' dir='ltr' id='par_1_1' title="bbox 710 226 1042 276">
     <span class='ocr_line' id='line_1_1' title="bbox 710 226 1042 276; baseline 0.003 -15"><span class='ocrx_word' id='word_1_1' title='bbox 710 226 1042 276; x_wconf 69' lang='grc'>...49-</span> 
     </span>
    </p>
   </div>
   <div class='ocr_carea' id='block_1_2' title="bbox 70 359 1699 2835">
    <p class='ocr_par' dir='ltr' id='par_1_2' title="bbox 70 359 1699 2835">
     <span class='ocr_line' id='line_1_2' title="bbox 71 359 1686 425; baseline -0.006 -13"><span class='ocrx_word' id='word_1_2' title='bbox 71 379 174 420; x_wconf 82' lang='lat' dir='ltr'>eas,</span> <span class='ocrx_word' id='word_1_3' title='bbox 223 376 342 425; x_wconf 82' lang='lat' dir='ltr'>quae</span> <span class='ocrx_word' id='word_1_4' title='bbox 386 361 446 413; x_wconf 89' lang='lat' dir='ltr'>ad</span> <span class='ocrx_word' id='word_1_5' title='bbox 488 375 702 407; x_wconf 88' lang='lat' dir='ltr'>ranarum</span> <span class='ocrx_word' id='word_1_6' title='bbox 744 360 989 408; x_wconf 82' lang='lat' dir='ltr'>medullam</span> <span class='ocrx_word' id='word_1_7' title='bbox 1031 360 1077 404; x_wconf 89' lang='lat' dir='ltr'>in</span> <span class='ocrx_word' id='word_1_8' title='bbox 1121 359 1275 419; x_wconf 85' lang='lat' dir='ltr'>specie</span> <span class='ocrx_word' id='word_1_9' title='bbox 1311 359 1559 420; x_wconf 88' lang='lat' dir='ltr'>pertinent,</span> <span class='ocrx_word' id='word_1_10' title='bbox 1608 370 1686 403; x_wconf 54' lang='lat' dir='ltr'>seq</span> 
     </span>
     <span class='ocr_line' id='line_1_3' title="bbox 71 425 1686 492; baseline -0.006 -13"><span class='ocrx_word' id='word_1_11' title='bbox 71 445 224 492; x_wconf 89' lang='lat' dir='ltr'>quare,</span> <span class='ocrx_word' id='word_1_12' title='bbox 264 443 433 489; x_wconf 82' lang='lat' dir='ltr'>magna</span> <span class='ocrx_word' id='word_1_13' title='bbox 469 434 681 489; x_wconf 83' lang='lat' dir='ltr'>superest</span> <span class='ocrx_word' id='word_1_14' title='bbox 715 428 1042 474; x_wconf 89' lang='lat' dir='ltr'>elementorum</span> <span class='ocrx_word' id='word_1_15' title='bbox 1075 425 1334 480; x_wconf 81' lang='lat' dir='ltr'>multitude,</span> <span class='ocrx_word' id='word_1_16' title='bbox 1371 439 1490 486; x_wconf 93' lang='lat' dir='ltr'>quae</span> <span class='ocrx_word' id='word_1_17' title='bbox 1525 432 1686 470; x_wconf 89' lang='lat' dir='ltr'>aucto-.-</span> 
     </span>
     <span class='ocr_line' id='line_1_4' title="bbox 71 492 1687 552; baseline -0.005 -7"><span class='ocrx_word' id='word_1_18' title='bbox 71 499 198 547; x_wconf 85' lang='lat' dir='ltr'>ribus</span> <span class='ocrx_word' id='word_1_19' title='bbox 229 495 370 543; x_wconf 87' lang='lat' dir='ltr'>fibras</span> <span class='ocrx_word' id='word_1_20' title='bbox 404 510 602 541; x_wconf 84' lang='lat' dir='ltr'>nerveas</span> <span class='ocrx_word' id='word_1_21' title='bbox 634 501 795 542; x_wconf 87' lang='lat' dir='ltr'>tenues</span> <span class='ocrx_word' id='word_1_22' title='bbox 843 495 1051 540; x_wconf 90' lang='lat' dir='ltr'>cinereas</span> <span class='ocrx_word' id='word_1_23' title='bbox 1090 493 1394 539; x_wconf 78' lang='lat' dir='ltr'><strong>statuentibus</strong></span> <span class='ocrx_word' id='word_1_24' title='bbox 1444 492 1575 552; x_wconf 83' lang='lat' dir='ltr'>quasi</span> <span class='ocrx_word' id='word_1_25' title='bbox 1610 505 1687 538; x_wconf 88' lang='lat' dir='ltr'>re-</span> 
     </span>
     <span class='ocr_line' id='line_1_5' title="bbox 70 558 1685 625; baseline -0.005 -14"><span class='ocrx_word' id='word_1_26' title='bbox 70 565 239 624; x_wconf 77' lang='lat' dir='ltr'>fugium</span> <span class='ocrx_word' id='word_1_27' title='bbox 274 564 500 625; x_wconf 90' lang='lat' dir='ltr'>praebere</span> <span class='ocrx_word' id='word_1_28' title='bbox 538 568 686 623; x_wconf 80' lang='lat' dir='ltr'>queat.</span> <span class='ocrx_word' id='word_1_29' title='bbox 756 563 911 621; x_wconf 88' lang='lat' dir='ltr'>Itaque</span> <span class='ocrx_word' id='word_1_30' title='bbox 960 561 997 606; x_wconf 89' lang='lat' dir='ltr'>si</span> <span class='ocrx_word' id='word_1_31' title='bbox 1043 561 1116 606; x_wconf 86' lang='lat' dir='ltr'>vel</span> <span class='ocrx_word' id='word_1_32' title='bbox 1162 559 1592 606; x_wconf 82' lang='lat' dir='ltr'>commentationem</span> <span class='ocrx_word' id='word_1_33' title='bbox 1624 558 1685 604; x_wconf 88' lang='lat' dir='ltr'>ab</span> 
     </span>
     <span class='ocr_line' id='line_1_6' title="bbox 71 625 1688 691; baseline -0.004 -14"><span class='ocrx_word' id='word_1_34' title='bbox 71 633 130 677; x_wconf 93' lang='lat' dir='ltr'>cl⁰</span> <span class='ocrx_word' id='word_1_35' title='bbox 182 629 435 691; x_wconf 66' lang='lat' dir='ltr'>Enyel47)</span> <span class='ocrx_word' id='word_1_36' title='bbox 470 629 529 675; x_wconf 89' lang='lat' dir='ltr'>de</span> <span class='ocrx_word' id='word_1_37' title='bbox 568 642 708 674; x_wconf 88' lang='lat' dir='ltr'>ranae</span> <span class='ocrx_word' id='word_1_38' title='bbox 745 628 942 674; x_wconf 85' lang='lat' dir='ltr'>medulla</span> <span class='ocrx_word' id='word_1_39' title='bbox 987 628 1146 688; x_wconf 88' lang='lat' dir='ltr'>spinali</span> <span class='ocrx_word' id='word_1_40' title='bbox 1191 627 1428 687; x_wconf 80' lang='lat' dir='ltr'>scriptam,</span> <span class='ocrx_word' id='word_1_41' title='bbox 1462 626 1536 671; x_wconf 84' lang='lat' dir='ltr'>vel</span> <span class='ocrx_word' id='word_1_42' title='bbox 1576 625 1688 671; x_wconf 85' lang='lat' dir='ltr'>sub-</span> 
     </span>
     <span class='ocr_line' id='line_1_7' title="bbox 72 692 1688 755; baseline -0.004 -11"><span class='ocrx_word' id='word_1_43' title='bbox 72 699 267 745; x_wconf 85' lang='lat' dir='ltr'>stantiae</span> <span class='ocrx_word' id='word_1_44' title='bbox 312 699 523 743; x_wconf 81' lang='lat' dir='ltr'>cinereae</span> <span class='ocrx_word' id='word_1_45' title='bbox 568 695 923 755; x_wconf 82' lang='lat' dir='ltr'>descriptionem</span> <span class='ocrx_word' id='word_1_46' title='bbox 975 709 1000 739; x_wconf 91' lang='lat' dir='ltr'>a</span> <span class='ocrx_word' id='word_1_47' title='bbox 1039 695 1321 740; x_wconf 77' lang='lat' dir='ltr'>Blattmann</span> <span class='ocrx_word' id='word_1_48' title='bbox 1359 693 1584 754; x_wconf 79' lang='lat' dir='ltr'>prolatam</span> <span class='ocrx_word' id='word_1_49' title='bbox 1619 692 1688 737; x_wconf 90' lang='lat' dir='ltr'>le-</span> 
     </span>
     <span class='ocr_line' id='line_1_8' title="bbox 72 759 1689 825; baseline -0.005 -14"><span class='ocrx_word' id='word_1_50' title='bbox 72 767 206 825; x_wconf 84' lang='lat' dir='ltr'>geris,</span> <span class='ocrx_word' id='word_1_51' title='bbox 243 772 437 824; x_wconf 88' lang='lat' dir='ltr'>utroque</span> <span class='ocrx_word' id='word_1_52' title='bbox 481 770 609 817; x_wconf 89' lang='lat' dir='ltr'>teste,</span> <span class='ocrx_word' id='word_1_53' title='bbox 656 762 772 808; x_wconf 89' lang='lat' dir='ltr'>haec</span> <span class='ocrx_word' id='word_1_54' title='bbox 816 762 1069 808; x_wconf 84' lang='lat' dir='ltr'>substantia</span> <span class='ocrx_word' id='word_1_55' title='bbox 1113 760 1241 807; x_wconf 89' lang='lat' dir='ltr'>fibris</span> <span class='ocrx_word' id='word_1_56' title='bbox 1286 761 1468 806; x_wconf 88' lang='lat' dir='ltr'>nerveis</span> <span class='ocrx_word' id='word_1_57' title='bbox 1503 759 1689 805; x_wconf 90' lang='lat' dir='ltr'>omnino</span> 
     </span>
     <span class='ocr_line' id='line_1_9' title="bbox 73 825 1690 890; baseline -0.005 -12"><span class='ocrx_word' id='word_1_58' title='bbox 73 835 242 879; x_wconf 88' lang='lat' dir='ltr'>referta</span> <span class='ocrx_word' id='word_1_59' title='bbox 278 831 516 885; x_wconf 86' lang='lat' dir='ltr'>videbitur,</span> <span class='ocrx_word' id='word_1_60' title='bbox 554 830 838 890; x_wconf 83' lang='lat' dir='ltr'>physiologis</span> <span class='ocrx_word' id='word_1_61' title='bbox 884 836 1020 888; x_wconf 91' lang='lat' dir='ltr'>atque</span> <span class='ocrx_word' id='word_1_62' title='bbox 1055 829 1280 874; x_wconf 89' lang='lat' dir='ltr'>anatomis</span> <span class='ocrx_word' id='word_1_63' title='bbox 1314 841 1463 888; x_wconf 88' lang='lat' dir='ltr'>paene</span> <span class='ocrx_word' id='word_1_64' title='bbox 1499 825 1690 872; x_wconf 85' lang='lat' dir='ltr'>inextri-</span> 
     </span>
     <span class='ocr_line' id='line_1_10' title="bbox 72 890 1691 958; baseline -0.005 -13"><span class='ocrx_word' id='word_1_65' title='bbox 72 900 255 954; x_wconf 89' lang='lat' dir='ltr'>cabilis,</span> <span class='ocrx_word' id='word_1_66' title='bbox 289 900 334 944; x_wconf 90' lang='lat' dir='ltr'>in</span> <span class='ocrx_word' id='word_1_67' title='bbox 368 912 457 958; x_wconf 90' lang='lat' dir='ltr'>qua</span> <span class='ocrx_word' id='word_1_68' title='bbox 494 896 783 956; x_wconf 86' lang='lat' dir='ltr'>expedienda</span> <span class='ocrx_word' id='word_1_69' title='bbox 814 895 1032 941; x_wconf 88' lang='lat' dir='ltr'>infinitum</span> <span class='ocrx_word' id='word_1_70' title='bbox 1068 896 1285 956; x_wconf 84' lang='lat' dir='ltr'>temporis</span> <span class='ocrx_word' id='word_1_71' title='bbox 1329 895 1544 955; x_wconf 88' lang='lat' dir='ltr'>spatium,</span> <span class='ocrx_word' id='word_1_72' title='bbox 1587 890 1691 938; x_wconf 83' lang='lat' dir='ltr'>infi-</span> 
     </span>
     <span class='ocr_line' id='line_1_11' title="bbox 72 960 1690 1023; baseline -0.004 -11"><span class='ocrx_word' id='word_1_73' title='bbox 72 968 193 1012; x_wconf 85' lang='lat' dir='ltr'>nitos</span> <span class='ocrx_word' id='word_1_74' title='bbox 235 966 422 1011; x_wconf 88' lang='lat' dir='ltr'>labores</span> <span class='ocrx_word' id='word_1_75' title='bbox 467 971 783 1023; x_wconf 90' lang='lat' dir='ltr'>consumptum</span> <span class='ocrx_word' id='word_1_76' title='bbox 828 964 879 1007; x_wconf 87' lang='lat' dir='ltr'>iri</span> <span class='ocrx_word' id='word_1_77' title='bbox 920 962 1095 1008; x_wconf 89' lang='lat' dir='ltr'>credas.</span> <span class='ocrx_word' id='word_1_78' title='bbox 1169 964 1510 1016; x_wconf 87' lang='lat' dir='ltr'>Verumtamen,</span> <span class='ocrx_word' id='word_1_79' title='bbox 1547 960 1585 1006; x_wconf 93' lang='lat' dir='ltr'>si</span> <span class='ocrx_word' id='word_1_80' title='bbox 1621 973 1690 1015; x_wconf 87' lang='lat' dir='ltr'>ea,</span> 
     </span>
     <span class='ocr_line' id='line_1_12' title="bbox 73 1028 1692 1094; baseline -0.004 -15"><span class='ocrx_word' id='word_1_81' title='bbox 73 1047 191 1094; x_wconf 88' lang='lat' dir='ltr'>quae</span> <span class='ocrx_word' id='word_1_82' title='bbox 228 1047 366 1093; x_wconf 86' lang='lat' dir='ltr'>supra</span> <span class='ocrx_word' id='word_1_83' title='bbox 400 1031 757 1090; x_wconf 82' lang='lat' dir='ltr'>explanavimus,</span> <span class='ocrx_word' id='word_1_84' title='bbox 792 1030 849 1074; x_wconf 89' lang='lat' dir='ltr'>ab</span> <span class='ocrx_word' id='word_1_85' title='bbox 885 1030 983 1075; x_wconf 89' lang='lat' dir='ltr'>aliis</span> <span class='ocrx_word' id='word_1_86' title='bbox 1014 1043 1198 1089; x_wconf 90' lang='lat' dir='ltr'>quoque</span> <span class='ocrx_word' id='word_1_87' title='bbox 1244 1028 1514 1073; x_wconf 88' lang='lat' dir='ltr'>confirmata</span> <span class='ocrx_word' id='word_1_88' title='bbox 1547 1032 1692 1086; x_wconf 87' lang='lat' dir='ltr'>atque</span> 
     </span>
     <span class='ocr_line' id='line_1_13' title="bbox 74 1094 1694 1161; baseline -0.006 -14"><span class='ocrx_word' id='word_1_89' title='bbox 74 1100 330 1161; x_wconf 89' lang='lat' dir='ltr'>approbata</span> <span class='ocrx_word' id='word_1_90' title='bbox 355 1099 529 1152; x_wconf 81' lang='lat' dir='ltr'>fuerint,</span> <span class='ocrx_word' id='word_1_91' title='bbox 550 1097 644 1154; x_wconf 75' lang='lat' dir='ltr'>Jam</span> <span class='ocrx_word' id='word_1_92' title='bbox 679 1097 752 1141; x_wconf 92' lang='lat' dir='ltr'>alii</span> <span class='ocrx_word' id='word_1_93' title='bbox 784 1096 849 1141; x_wconf 90' lang='lat' dir='ltr'>rei</span> <span class='ocrx_word' id='word_1_94' title='bbox 881 1097 996 1142; x_wconf 89' lang='lat' dir='ltr'>illius</span> <span class='ocrx_word' id='word_1_95' title='bbox 1029 1095 1399 1156; x_wconf 86' lang='lat' dir='ltr'>contemplationi</span> <span class='ocrx_word' id='word_1_96' title='bbox 1424 1095 1498 1139; x_wconf 87' lang='lat' dir='ltr'>via</span> <span class='ocrx_word' id='word_1_97' title='bbox 1521 1094 1694 1140; x_wconf 88' lang='lat' dir='ltr'>munita</span> 
     </span>
     <span class='ocr_line' id='line_1_14' title="bbox 74 1162 1694 1227; baseline -0.004 -14"><span class='ocrx_word' id='word_1_98' title='bbox 74 1181 180 1213; x_wconf 92' lang='lat' dir='ltr'>esse</span> <span class='ocrx_word' id='word_1_99' title='bbox 205 1172 396 1227; x_wconf 88' lang='lat' dir='ltr'>putetur.</span> <span class='ocrx_word' id='word_1_100' title='bbox 444 1164 633 1217; x_wconf 89' lang='lat' dir='ltr'>Etenim,</span> <span class='ocrx_word' id='word_1_101' title='bbox 674 1164 711 1209; x_wconf 92' lang='lat' dir='ltr'>si</span> <span class='ocrx_word' id='word_1_102' title='bbox 747 1163 1010 1217; x_wconf 85' lang='lat' dir='ltr'>constiterit,</span> <span class='ocrx_word' id='word_1_103' title='bbox 1044 1164 1086 1207; x_wconf 90' lang='lat' dir='ltr'>in</span> <span class='ocrx_word' id='word_1_104' title='bbox 1126 1164 1381 1209; x_wconf 86' lang='lat' dir='ltr'>substantia</span> <span class='ocrx_word' id='word_1_105' title='bbox 1415 1162 1598 1207; x_wconf 87' lang='lat' dir='ltr'>cinerea</span> <span class='ocrx_word' id='word_1_106' title='bbox 1622 1166 1694 1207; x_wconf 83' lang='lat' dir='ltr'>te-</span> 
     </span>
     <span class='ocr_line' id='line_1_15' title="bbox 75 1228 1694 1292; baseline -0.003 -13"><span class='ocrx_word' id='word_1_107' title='bbox 75 1235 146 1279; x_wconf 90' lang='lat' dir='ltr'>lae</span> <span class='ocrx_word' id='word_1_108' title='bbox 182 1233 500 1291; x_wconf 81' lang='lat' dir='ltr'>conjunctivae</span> <span class='ocrx_word' id='word_1_109' title='bbox 526 1231 704 1292; x_wconf 89' lang='lat' dir='ltr'>copiam</span> <span class='ocrx_word' id='word_1_110' title='bbox 738 1231 903 1276; x_wconf 91' lang='lat' dir='ltr'>ceteris</span> <span class='ocrx_word' id='word_1_111' title='bbox 940 1232 1220 1290; x_wconf 86' lang='lat' dir='ltr'>praevalere,</span> <span class='ocrx_word' id='word_1_112' title='bbox 1255 1228 1569 1289; x_wconf 88' lang='lat' dir='ltr'>fibrarumque</span> <span class='ocrx_word' id='word_1_113' title='bbox 1599 1233 1694 1274; x_wconf 86' lang='lat' dir='ltr'>tra-</span> 
     </span>
     <span class='ocr_line' id='line_1_16' title="bbox 76 1296 1695 1361; baseline -0.004 -15"><span class='ocrx_word' id='word_1_114' title='bbox 76 1308 174 1346; x_wconf 87' lang='lat' dir='ltr'>ctus</span> <span class='ocrx_word' id='word_1_115' title='bbox 213 1314 296 1361; x_wconf 90' lang='lat' dir='ltr'>pro</span> <span class='ocrx_word' id='word_1_116' title='bbox 340 1312 587 1346; x_wconf 83' lang='lat' dir='ltr'>nervorum</span> <span class='ocrx_word' id='word_1_117' title='bbox 632 1299 932 1343; x_wconf 87' lang='lat' dir='ltr'>commissura</span> <span class='ocrx_word' id='word_1_118' title='bbox 982 1297 1162 1343; x_wconf 87' lang='lat' dir='ltr'>habitos</span> <span class='ocrx_word' id='word_1_119' title='bbox 1208 1298 1326 1342; x_wconf 88' lang='lat' dir='ltr'>telae</span> <span class='ocrx_word' id='word_1_120' title='bbox 1376 1296 1695 1354; x_wconf 78' lang='lat' dir='ltr'>conjunctivae</span> 
     </span>
     <span class='ocr_line' id='line_1_17' title="bbox 76 1364 1696 1425; baseline -0.004 -12"><span class='ocrx_word' id='word_1_121' title='bbox 76 1368 316 1413; x_wconf 81' lang='lat' dir='ltr'>fasciculos</span> <span class='ocrx_word' id='word_1_122' title='bbox 371 1365 613 1411; x_wconf 83' lang='lat' dir='ltr'>densiores</span> <span class='ocrx_word' id='word_1_123' title='bbox 667 1379 798 1419; x_wconf 89' lang='lat' dir='ltr'>esse,</span> <span class='ocrx_word' id='word_1_124' title='bbox 857 1364 1054 1425; x_wconf 87' lang='lat' dir='ltr'>denique</span> <span class='ocrx_word' id='word_1_125' title='bbox 1111 1365 1369 1410; x_wconf 87' lang='lat' dir='ltr'>cellularum</span> <span class='ocrx_word' id='word_1_126' title='bbox 1421 1375 1696 1408; x_wconf 85' lang='lat' dir='ltr'>nervearum</span> 
     </span>
     <span class='ocr_line' id='line_1_18' title="bbox 76 1430 1693 1493; baseline -0.004 -13"><span class='ocrx_word' id='word_1_127' title='bbox 76 1435 213 1493; x_wconf 79' lang='lat' dir='ltr'>longe</span> <span class='ocrx_word' id='word_1_128' title='bbox 247 1434 469 1479; x_wconf 86' lang='lat' dir='ltr'>minorem</span> <span class='ocrx_word' id='word_1_129' title='bbox 500 1432 667 1478; x_wconf 88' lang='lat' dir='ltr'>adesse</span> <span class='ocrx_word' id='word_1_130' title='bbox 717 1446 965 1486; x_wconf 86' lang='lat' dir='ltr'>numerum,</span> <span class='ocrx_word' id='word_1_131' title='bbox 1002 1446 1138 1491; x_wconf 87' lang='lat' dir='ltr'>quam</span> <span class='ocrx_word' id='word_1_132' title='bbox 1183 1431 1258 1491; x_wconf 87' lang='lat' dir='ltr'>qui</span> <span class='ocrx_word' id='word_1_133' title='bbox 1295 1430 1444 1476; x_wconf 88' lang='lat' dir='ltr'>adhuc</span> <span class='ocrx_word' id='word_1_134' title='bbox 1484 1434 1693 1489; x_wconf 90' lang='lat' dir='ltr'>sumptus</span> 
     </span>
     <span class='ocr_line' id='line_1_19' title="bbox 76 1496 1697 1560; baseline -0.004 -14"><span class='ocrx_word' id='word_1_135' title='bbox 76 1501 232 1556; x_wconf 88' lang='lat' dir='ltr'>fuerit,</span> <span class='ocrx_word' id='word_1_136' title='bbox 268 1515 378 1547; x_wconf 91' lang='lat' dir='ltr'>sane</span> <span class='ocrx_word' id='word_1_137' title='bbox 411 1514 503 1544; x_wconf 90' lang='lat' dir='ltr'>non</span> <span class='ocrx_word' id='word_1_138' title='bbox 551 1499 741 1560; x_wconf 89' lang='lat' dir='ltr'>amplius</span> <span class='ocrx_word' id='word_1_139' title='bbox 773 1499 1084 1559; x_wconf 87' lang='lat' dir='ltr'>quaerendum</span> <span class='ocrx_word' id='word_1_140' title='bbox 1129 1506 1211 1553; x_wconf 83' lang='lat' dir='ltr'>est,</span> <span class='ocrx_word' id='word_1_141' title='bbox 1262 1511 1504 1558; x_wconf 88' lang='lat' dir='ltr'>quemnam</span> <span class='ocrx_word' id='word_1_142' title='bbox 1542 1496 1697 1541; x_wconf 84' lang='lat' dir='ltr'>ineant</span> 
     </span>
     <span class='ocr_line' id='line_1_20' title="bbox 78 1562 1696 1626; baseline -0.004 -11"><span class='ocrx_word' id='word_1_143' title='bbox 78 1568 318 1615; x_wconf 86' lang='lat' dir='ltr'>decursum</span> <span class='ocrx_word' id='word_1_144' title='bbox 353 1566 498 1613; x_wconf 89' lang='lat' dir='ltr'>fibrae</span> <span class='ocrx_word' id='word_1_145' title='bbox 533 1567 828 1626; x_wconf 80' lang='lat' dir='ltr'>gelatinosae.</span> <span class='ocrx_word' id='word_1_146' title='bbox 899 1566 1031 1611; x_wconf 85' lang='lat' dir='ltr'>Certe</span> <span class='ocrx_word' id='word_1_147' title='bbox 1063 1573 1154 1611; x_wconf 90' lang='lat' dir='ltr'>tum</span> <span class='ocrx_word' id='word_1_148' title='bbox 1192 1579 1386 1611; x_wconf 88' lang='lat' dir='ltr'>necesse</span> <span class='ocrx_word' id='word_1_149' title='bbox 1421 1563 1555 1610; x_wconf 84' lang='lat' dir='ltr'>suerit</span> <span class='ocrx_word' id='word_1_150' title='bbox 1578 1562 1696 1609; x_wconf 90' lang='lat' dir='ltr'>dua-</span> 
     </span>
     <span class='ocr_line' id='line_1_21' title="bbox 77 1631 1696 1693; baseline -0.003 -13"><span class='ocrx_word' id='word_1_151' title='bbox 77 1650 177 1681; x_wconf 91' lang='lat' dir='ltr'>rum</span> <span class='ocrx_word' id='word_1_152' title='bbox 215 1634 540 1681; x_wconf 89' lang='lat' dir='ltr'>sententiarum</span> <span class='ocrx_word' id='word_1_153' title='bbox 574 1634 692 1679; x_wconf 85' lang='lat' dir='ltr'>inter</span> <span class='ocrx_word' id='word_1_154' title='bbox 734 1648 784 1679; x_wconf 93' lang='lat' dir='ltr'>se</span> <span class='ocrx_word' id='word_1_155' title='bbox 822 1634 1169 1693; x_wconf 79' lang='lat' dir='ltr'>repugnantium</span> <span class='ocrx_word' id='word_1_156' title='bbox 1213 1632 1393 1692; x_wconf 85' lang='lat' dir='ltr'>patroni</span> <span class='ocrx_word' id='word_1_157' title='bbox 1428 1631 1554 1677; x_wconf 82' lang='lat' dir='ltr'>vices</span> <span class='ocrx_word' id='word_1_158' title='bbox 1588 1643 1696 1676; x_wconf 86' lang='lat' dir='ltr'>suas</span> 
     </span>
     <span class='ocr_line' id='line_1_22' title="bbox 78 1700 1698 1763; baseline -0.004 -15"><span class='ocrx_word' id='word_1_159' title='bbox 78 1709 358 1763; x_wconf 82' lang='lat' dir='ltr'>permutent3</span> <span class='ocrx_word' id='word_1_160' title='bbox 395 1708 441 1746; x_wconf 91' lang='lat' dir='ltr'>et</span> <span class='ocrx_word' id='word_1_161' title='bbox 476 1701 534 1746; x_wconf 90' lang='lat' dir='ltr'>ab</span> <span class='ocrx_word' id='word_1_162' title='bbox 569 1700 624 1746; x_wconf 91' lang='lat' dir='ltr'>iis</span> <span class='ocrx_word' id='word_1_163' title='bbox 661 1708 845 1755; x_wconf 90' lang='lat' dir='ltr'>tantum,</span> <span class='ocrx_word' id='word_1_164' title='bbox 881 1701 957 1761; x_wconf 87' lang='lat' dir='ltr'>qui</span> <span class='ocrx_word' id='word_1_165' title='bbox 992 1700 1133 1746; x_wconf 89' lang='lat' dir='ltr'>fibras</span> <span class='ocrx_word' id='word_1_166' title='bbox 1159 1701 1441 1759; x_wconf 79' lang='lat' dir='ltr'>gelatinosas</span> <span class='ocrx_word' id='word_1_167' title='bbox 1466 1704 1698 1757; x_wconf 83' lang='lat' dir='ltr'>tamquam</span> 
     </span>
     <span class='ocr_line' id='line_1_23' title="bbox 80 1764 1694 1828; baseline -0.004 -14"><span class='ocrx_word' id='word_1_168' title='bbox 80 1770 305 1820; x_wconf 85' lang='lat' dir='ltr'>elementa</span> <span class='ocrx_word' id='word_1_169' title='bbox 339 1769 557 1828; x_wconf 88' lang='lat' dir='ltr'>aequalia,</span> <span class='ocrx_word' id='word_1_170' title='bbox 593 1767 787 1814; x_wconf 88' lang='lat' dir='ltr'>eandem</span> <span class='ocrx_word' id='word_1_171' title='bbox 820 1767 1096 1813; x_wconf 84' lang='lat' dir='ltr'>functionem</span> <span class='ocrx_word' id='word_1_172' title='bbox 1135 1767 1363 1821; x_wconf 88' lang='lat' dir='ltr'>obeuntia,</span> <span class='ocrx_word' id='word_1_173' title='bbox 1400 1766 1518 1811; x_wconf 89' lang='lat' dir='ltr'>inter</span> <span class='ocrx_word' id='word_1_174' title='bbox 1550 1764 1694 1809; x_wconf 83' lang='lat' dir='ltr'>fibras</span> 
     </span>
     <span class='ocr_line' id='line_1_24' title="bbox 78 1834 1698 1895; baseline -0.004 -13"><span class='ocrx_word' id='word_1_175' title='bbox 78 1836 202 1882; x_wconf 92' lang='lat' dir='ltr'>haud</span> <span class='ocrx_word' id='word_1_176' title='bbox 240 1836 378 1881; x_wconf 87' lang='lat' dir='ltr'>dubie</span> <span class='ocrx_word' id='word_1_177' title='bbox 411 1849 608 1881; x_wconf 87' lang='lat' dir='ltr'>nerveas</span> <span class='ocrx_word' id='word_1_178' title='bbox 642 1835 892 1895; x_wconf 83' lang='lat' dir='ltr'>primitivas</span> <span class='ocrx_word' id='word_1_179' title='bbox 925 1834 1192 1880; x_wconf 84' lang='lat' dir='ltr'>referendas</span> <span class='ocrx_word' id='word_1_180' title='bbox 1227 1848 1332 1880; x_wconf 88' lang='lat' dir='ltr'>esse</span> <span class='ocrx_word' id='word_1_181' title='bbox 1358 1838 1559 1886; x_wconf 89' lang='lat' dir='ltr'>censent,</span> <span class='ocrx_word' id='word_1_182' title='bbox 1588 1845 1698 1877; x_wconf 92' lang='lat' dir='ltr'>sen-</span> 
     </span>
     <span class='ocr_line' id='line_1_25' title="bbox 78 1898 1698 1962; baseline -0.003 -13"><span class='ocrx_word' id='word_1_183' title='bbox 78 1903 245 1949; x_wconf 87' lang='lat' dir='ltr'>tentiae</span> <span class='ocrx_word' id='word_1_184' title='bbox 280 1916 392 1949; x_wconf 88' lang='lat' dir='ltr'>suae</span> <span class='ocrx_word' id='word_1_185' title='bbox 428 1909 697 1960; x_wconf 81' lang='lat' dir='ltr'>argumenta</span> <span class='ocrx_word' id='word_1_186' title='bbox 738 1903 1098 1962; x_wconf 81' lang='lat' dir='ltr'>expostulentur.</span> <span class='ocrx_word' id='word_1_187' title='bbox 1160 1902 1366 1961; x_wconf 90' lang='lat' dir='ltr'>Namque</span> <span class='ocrx_word' id='word_1_188' title='bbox 1411 1900 1501 1945; x_wconf 90' lang='lat' dir='ltr'>hoc</span> <span class='ocrx_word' id='word_1_189' title='bbox 1537 1899 1573 1945; x_wconf 93' lang='lat' dir='ltr'>si</span> <span class='ocrx_word' id='word_1_190' title='bbox 1612 1898 1698 1944; x_wconf 88' lang='lat' dir='ltr'>de-</span> 
     </span>
     <span class='ocr_line' id='line_1_26' title="bbox 77 1965 1699 2028; baseline -0.004 -12"><span class='ocrx_word' id='word_1_191' title='bbox 77 1976 376 2016; x_wconf 89' lang='lat' dir='ltr'>monstratum</span> <span class='ocrx_word' id='word_1_192' title='bbox 409 1969 551 2023; x_wconf 84' lang='lat' dir='ltr'>fuerit,</span> <span class='ocrx_word' id='word_1_193' title='bbox 585 1970 761 2028; x_wconf 79' lang='lat' dir='ltr'>largam</span> <span class='ocrx_word' id='word_1_194' title='bbox 792 1970 908 2015; x_wconf 88' lang='lat' dir='ltr'>telae</span> <span class='ocrx_word' id='word_1_195' title='bbox 947 1970 1261 2027; x_wconf 84' lang='lat' dir='ltr'>conjunctivae</span> <span class='ocrx_word' id='word_1_196' title='bbox 1296 1966 1473 2028; x_wconf 88' lang='lat' dir='ltr'>copiam</span> <span class='ocrx_word' id='word_1_197' title='bbox 1506 1966 1551 2010; x_wconf 90' lang='lat' dir='ltr'>in</span> <span class='ocrx_word' id='word_1_198' title='bbox 1585 1965 1699 2010; x_wconf 89' lang='lat' dir='ltr'>sub-</span> 
     </span>
     <span class='ocr_line' id='line_1_27' title="bbox 80 2035 1698 2095; baseline -0.003 -13"><span class='ocrx_word' id='word_1_199' title='bbox 80 2038 244 2082; x_wconf 86' lang='lat' dir='ltr'>stantia</span> <span class='ocrx_word' id='word_1_200' title='bbox 279 2036 462 2081; x_wconf 89' lang='lat' dir='ltr'>cinerea</span> <span class='ocrx_word' id='word_1_201' title='bbox 500 2037 654 2082; x_wconf 86' lang='lat' dir='ltr'>inesse</span> <span class='ocrx_word' id='word_1_202' title='bbox 700 2043 746 2081; x_wconf 90' lang='lat' dir='ltr'>et</span> <span class='ocrx_word' id='word_1_203' title='bbox 782 2037 1133 2090; x_wconf 73' lang='lat' dir='ltr'>observatores,</span> <span class='ocrx_word' id='word_1_204' title='bbox 1178 2035 1254 2095; x_wconf 90' lang='lat' dir='ltr'>qui</span> <span class='ocrx_word' id='word_1_205' title='bbox 1289 2048 1457 2093; x_wconf 80' lang='lat' dir='ltr'>magno</span> <span class='ocrx_word' id='word_1_206' title='bbox 1505 2045 1698 2079; x_wconf 87' lang='lat' dir='ltr'>numero</span> 
     </span>
     <span class='ocr_line' id='line_1_28' title="bbox 79 2100 1699 2164; baseline -0.002 -15"><span class='ocrx_word' id='word_1_207' title='bbox 79 2103 296 2150; x_wconf 89' lang='lat' dir='ltr'>fibrarum</span> <span class='ocrx_word' id='word_1_208' title='bbox 328 2103 386 2148; x_wconf 89' lang='lat' dir='ltr'>ibi</span> <span class='ocrx_word' id='word_1_209' title='bbox 434 2102 738 2159; x_wconf 75' lang='lat' dir='ltr'>inventarum,</span> <span class='ocrx_word' id='word_1_210' title='bbox 781 2118 944 2164; x_wconf 89' lang='lat' dir='ltr'>nempe</span> <span class='ocrx_word' id='word_1_211' title='bbox 982 2103 1208 2149; x_wconf 85' lang='lat' dir='ltr'>fasciculis</span> <span class='ocrx_word' id='word_1_212' title='bbox 1245 2100 1525 2155; x_wconf 84' lang='lat' dir='ltr'>decussatis,</span> <span class='ocrx_word' id='word_1_213' title='bbox 1562 2106 1699 2146; x_wconf 88' lang='lat' dir='ltr'>natu-</span> 
     </span>
     <span class='ocr_line' id='line_1_29' title="bbox 79 2166 1698 2231; baseline -0.002 -15"><span class='ocrx_word' id='word_1_214' title='bbox 79 2185 175 2216; x_wconf 89' lang='lat' dir='ltr'>ram</span> <span class='ocrx_word' id='word_1_215' title='bbox 199 2184 417 2215; x_wconf 86' lang='lat' dir='ltr'>nerveam</span> <span class='ocrx_word' id='word_1_216' title='bbox 441 2170 689 2226; x_wconf 88' lang='lat' dir='ltr'>tribuerint,</span> <span class='ocrx_word' id='word_1_217' title='bbox 725 2185 884 2216; x_wconf 88' lang='lat' dir='ltr'>errore</span> <span class='ocrx_word' id='word_1_218' title='bbox 910 2176 1071 2231; x_wconf 90' lang='lat' dir='ltr'>captos</span> <span class='ocrx_word' id='word_1_219' title='bbox 1103 2170 1255 2224; x_wconf 89' lang='lat' dir='ltr'>fuisse,</span> <span class='ocrx_word' id='word_1_220' title='bbox 1282 2184 1433 2224; x_wconf 88' lang='lat' dir='ltr'>unum,</span> <span class='ocrx_word' id='word_1_221' title='bbox 1462 2166 1587 2228; x_wconf 90' lang='lat' dir='ltr'>quod</span> <span class='ocrx_word' id='word_1_222' title='bbox 1612 2181 1698 2212; x_wconf 80' lang='lat' dir='ltr'>ex-</span> 
     </span>
     <span class='ocr_line' id='line_1_30' title="bbox 81 2234 1697 2296; baseline -0.002 -14"><span class='ocrx_word' id='word_1_223' title='bbox 81 2244 192 2292; x_wconf 85' lang='lat' dir='ltr'>stat,</span> <span class='ocrx_word' id='word_1_224' title='bbox 241 2237 466 2296; x_wconf 89' lang='lat' dir='ltr'>opinionis</span> <span class='ocrx_word' id='word_1_225' title='bbox 516 2237 644 2282; x_wconf 88' lang='lat' dir='ltr'>istius</span> <span class='ocrx_word' id='word_1_226' title='bbox 688 2238 1015 2283; x_wconf 87' lang='lat' dir='ltr'>munimentum</span> <span class='ocrx_word' id='word_1_227' title='bbox 1060 2237 1472 2296; x_wconf 87' lang='lat' dir='ltr'>adminiculumque</span> <span class='ocrx_word' id='word_1_228' title='bbox 1515 2234 1697 2280; x_wconf 86' lang='lat' dir='ltr'>corruit.</span> 
     </span>
     <span class='ocr_line' id='line_1_31' title="bbox 78 2303 1699 2363; baseline -0.002 -14"><span class='ocrx_word' id='word_1_229' title='bbox 78 2303 281 2357; x_wconf 88' lang='lat' dir='ltr'>Etenim,</span> <span class='ocrx_word' id='word_1_230' title='bbox 320 2303 382 2349; x_wconf 88' lang='lat' dir='ltr'>uti</span> <span class='ocrx_word' id='word_1_231' title='bbox 411 2303 504 2361; x_wconf 89' lang='lat' dir='ltr'>jam</span> <span class='ocrx_word' id='word_1_232' title='bbox 540 2318 677 2363; x_wconf 89' lang='lat' dir='ltr'>supra</span> <span class='ocrx_word' id='word_1_233' title='bbox 710 2305 972 2358; x_wconf 83' lang='lat' dir='ltr'>memoravi,</span> <span class='ocrx_word' id='word_1_234' title='bbox 1010 2303 1115 2348; x_wconf 91' lang='lat' dir='ltr'>inde</span> <span class='ocrx_word' id='word_1_235' title='bbox 1153 2305 1319 2358; x_wconf 88' lang='lat' dir='ltr'>solum,</span> <span class='ocrx_word' id='word_1_236' title='bbox 1358 2304 1462 2363; x_wconf 90' lang='lat' dir='ltr'>quia</span> <span class='ocrx_word' id='word_1_237' title='bbox 1497 2315 1699 2348; x_wconf 89' lang='lat' dir='ltr'>massam</span> 
     </span>
     <span class='ocr_line' id='line_1_32' title="bbox 81 2367 1698 2432; baseline -0.003 -16"><span class='ocrx_word' id='word_1_238' title='bbox 81 2371 308 2416; x_wconf 89' lang='lat' dir='ltr'>cineream</span> <span class='ocrx_word' id='word_1_239' title='bbox 343 2369 388 2413; x_wconf 92' lang='lat' dir='ltr'>in</span> <span class='ocrx_word' id='word_1_240' title='bbox 426 2383 704 2428; x_wconf 83' lang='lat' dir='ltr'>organorum</span> <span class='ocrx_word' id='word_1_241' title='bbox 736 2370 1000 2416; x_wconf 89' lang='lat' dir='ltr'>centralium</span> <span class='ocrx_word' id='word_1_242' title='bbox 1035 2370 1364 2430; x_wconf 86' lang='lat' dir='ltr'>compositione</span> <span class='ocrx_word' id='word_1_243' title='bbox 1398 2376 1574 2432; x_wconf 85' lang='lat' dir='ltr'>partem</span> <span class='ocrx_word' id='word_1_244' title='bbox 1610 2367 1698 2412; x_wconf 87' lang='lat' dir='ltr'>ha-</span> 
     </span>
     <span class='ocr_line' id='line_1_33' title="bbox 79 2437 1698 2498; baseline -0.002 -13"><span class='ocrx_word' id='word_1_245' title='bbox 79 2439 193 2484; x_wconf 86' lang='lat' dir='ltr'>here</span> <span class='ocrx_word' id='word_1_246' title='bbox 227 2437 457 2497; x_wconf 81' lang='lat' dir='ltr'>cognitum</span> <span class='ocrx_word' id='word_1_247' title='bbox 495 2438 652 2491; x_wconf 86' lang='lat' dir='ltr'>suerat,</span> <span class='ocrx_word' id='word_1_248' title='bbox 692 2438 778 2483; x_wconf 90' lang='lat' dir='ltr'>ista</span> <span class='ocrx_word' id='word_1_249' title='bbox 812 2437 964 2498; x_wconf 90' lang='lat' dir='ltr'>opinio</span> <span class='ocrx_word' id='word_1_250' title='bbox 1000 2444 1045 2482; x_wconf 88' lang='lat' dir='ltr'>et</span> <span class='ocrx_word' id='word_1_251' title='bbox 1081 2444 1332 2498; x_wconf 87' lang='lat' dir='ltr'>provocata</span> <span class='ocrx_word' id='word_1_252' title='bbox 1365 2443 1412 2482; x_wconf 89' lang='lat' dir='ltr'>et</span> <span class='ocrx_word' id='word_1_253' title='bbox 1443 2440 1698 2482; x_wconf 86' lang='lat' dir='ltr'>sustentata</span> 
     </span>
     <span class='ocr_line' id='line_1_34' title="bbox 81 2503 1697 2565; baseline -0.003 -14"><span class='ocrx_word' id='word_1_254' title='bbox 81 2512 163 2560; x_wconf 91' lang='lat' dir='ltr'>est,</span> <span class='ocrx_word' id='word_1_255' title='bbox 196 2519 286 2565; x_wconf 92' lang='lat' dir='ltr'>qua</span> <span class='ocrx_word' id='word_1_256' title='bbox 324 2503 465 2549; x_wconf 87' lang='lat' dir='ltr'>fibras</span> <span class='ocrx_word' id='word_1_257' title='bbox 497 2503 554 2548; x_wconf 92' lang='lat' dir='ltr'>illi</span> <span class='ocrx_word' id='word_1_258' title='bbox 587 2518 768 2550; x_wconf 87' lang='lat' dir='ltr'>massae</span> <span class='ocrx_word' id='word_1_259' title='bbox 802 2506 1066 2564; x_wconf 88' lang='lat' dir='ltr'>peculiares,</span> <span class='ocrx_word' id='word_1_260' title='bbox 1103 2519 1243 2565; x_wconf 90' lang='lat' dir='ltr'>saepe</span> <span class='ocrx_word' id='word_1_261' title='bbox 1278 2505 1439 2550; x_wconf 92' lang='lat' dir='ltr'>mirum</span> <span class='ocrx_word' id='word_1_262' title='bbox 1465 2516 1601 2563; x_wconf 89' lang='lat' dir='ltr'>quam</span> <span class='ocrx_word' id='word_1_263' title='bbox 1626 2506 1697 2547; x_wconf 84' lang='lat' dir='ltr'>te—</span> 
     </span>
     <span class='ocr_line' id='line_1_35' title="bbox 81 2571 1698 2627; baseline -0.002 -9"><span class='ocrx_word' id='word_1_264' title='bbox 81 2587 208 2627; x_wconf 84' lang='lat' dir='ltr'>nues,</span> <span class='ocrx_word' id='word_1_265' title='bbox 246 2571 481 2617; x_wconf 89' lang='lat' dir='ltr'>elementis</span> <span class='ocrx_word' id='word_1_266' title='bbox 515 2572 698 2618; x_wconf 84' lang='lat' dir='ltr'>nerveis</span> <span class='ocrx_word' id='word_1_267' title='bbox 736 2572 1104 2618; x_wconf 87' lang='lat' dir='ltr'>adnumerandas</span> <span class='ocrx_word' id='word_1_268' title='bbox 1141 2586 1247 2617; x_wconf 89' lang='lat' dir='ltr'>esse</span> <span class='ocrx_word' id='word_1_269' title='bbox 1279 2571 1589 2624; x_wconf 81' lang='lat' dir='ltr'>crediderunt3</span> <span class='ocrx_word' id='word_1_270' title='bbox 1617 2582 1698 2614; x_wconf 92' lang='lat' dir='ltr'>so-</span> 
     </span>
     <span class='ocr_line' id='line_1_36' title="bbox 82 2635 1698 2700; baseline -0.002 -15"><span class='ocrx_word' id='word_1_271' title='bbox 82 2640 265 2700; x_wconf 86' lang='lat' dir='ltr'>lumque</span> <span class='ocrx_word' id='word_1_272' title='bbox 298 2652 401 2684; x_wconf 89' lang='lat' dir='ltr'>eam</span> <span class='ocrx_word' id='word_1_273' title='bbox 436 2637 496 2683; x_wconf 87' lang='lat' dir='ltr'>ob</span> <span class='ocrx_word' id='word_1_274' title='bbox 528 2653 727 2693; x_wconf 88' lang='lat' dir='ltr'>causam,</span> <span class='ocrx_word' id='word_1_275' title='bbox 760 2639 886 2699; x_wconf 88' lang='lat' dir='ltr'>quod</span> <span class='ocrx_word' id='word_1_276' title='bbox 920 2639 963 2684; x_wconf 90' lang='lat' dir='ltr'>in</span> <span class='ocrx_word' id='word_1_277' title='bbox 1001 2645 1261 2685; x_wconf 88' lang='lat' dir='ltr'>centrorum</span> <span class='ocrx_word' id='word_1_278' title='bbox 1285 2653 1440 2685; x_wconf 90' lang='lat' dir='ltr'>massa</span> <span class='ocrx_word' id='word_1_279' title='bbox 1465 2638 1586 2683; x_wconf 89' lang='lat' dir='ltr'>nulla</span> <span class='ocrx_word' id='word_1_280' title='bbox 1611 2635 1698 2681; x_wconf 89' lang='lat' dir='ltr'>alia</span> 
     </span>
     <span class='ocr_line' id='line_1_37' title="bbox 82 2706 1698 2765; baseline -0.002 -14"><span class='ocrx_word' id='word_1_281' title='bbox 82 2707 174 2752; x_wconf 92' lang='lat' dir='ltr'>tela</span> <span class='ocrx_word' id='word_1_282' title='bbox 217 2706 510 2752; x_wconf 89' lang='lat' dir='ltr'>elementaria</span> <span class='ocrx_word' id='word_1_283' title='bbox 556 2713 682 2752; x_wconf 90' lang='lat' dir='ltr'>certo</span> <span class='ocrx_word' id='word_1_284' title='bbox 720 2707 903 2765; x_wconf 81' lang='lat' dir='ltr'>cognita</span> <span class='ocrx_word' id='word_1_285' title='bbox 947 2712 1062 2761; x_wconf 86' lang='lat' dir='ltr'>erat,</span> <span class='ocrx_word' id='word_1_286' title='bbox 1106 2706 1177 2752; x_wconf 88' lang='lat' dir='ltr'>isti</span> <span class='ocrx_word' id='word_1_287' title='bbox 1214 2707 1413 2752; x_wconf 87' lang='lat' dir='ltr'>incertae</span> <span class='ocrx_word' id='word_1_288' title='bbox 1457 2719 1511 2751; x_wconf 91' lang='lat' dir='ltr'>ac</span> <span class='ocrx_word' id='word_1_289' title='bbox 1547 2715 1698 2763; x_wconf 83' lang='lat' dir='ltr'>vagae</span> 
     </span>
     <span class='ocr_line' id='line_1_38' title="bbox 83 2773 1698 2835; baseline -0.002 -15"><span class='ocrx_word' id='word_1_290' title='bbox 83 2773 151 2821; x_wconf 89' lang='lat' dir='ltr'>rei</span> <span class='ocrx_word' id='word_1_291' title='bbox 186 2773 554 2835; x_wconf 85' lang='lat' dir='ltr'>contemplationi</span> <span class='ocrx_word' id='word_1_292' title='bbox 594 2775 723 2820; x_wconf 90' lang='lat' dir='ltr'>locus</span> <span class='ocrx_word' id='word_1_293' title='bbox 759 2774 948 2835; x_wconf 88' lang='lat' dir='ltr'>relinqui</span> <span class='ocrx_word' id='word_1_294' title='bbox 991 2779 1182 2834; x_wconf 89' lang='lat' dir='ltr'>poterat.</span> <span class='ocrx_word' id='word_1_295' title='bbox 1252 2775 1393 2833; x_wconf 78' lang='lat' dir='ltr'>Signa</span> <span class='ocrx_word' id='word_1_296' title='bbox 1434 2773 1555 2819; x_wconf 89' lang='lat' dir='ltr'>enim</span> <span class='ocrx_word' id='word_1_297' title='bbox 1584 2783 1698 2817; x_wconf 89' lang='lat' dir='ltr'>con-</span> 
     </span>
    </p>
   </div>
   <div class='ocr_carea' id='block_1_3' title="bbox 85 2940 1696 3041">
    <p class='ocr_par' dir='ltr' id='par_1_3' title="bbox 85 2940 1696 3041">
     <span class='ocr_line' id='line_1_39' title="bbox 175 2940 1696 2989; baseline 0 -12"><span class='ocrx_word' id='word_1_298' title='bbox 175 2940 241 2985; x_wconf 79' lang='lat'>47)</span> <span class='ocrx_word' id='word_1_299' title='bbox 288 2943 333 2977; x_wconf 79' lang='lat' dir='ltr'>cf.</span> <span class='ocrx_word' id='word_1_300' title='bbox 362 2940 491 2989; x_wconf 70' lang='lat' dir='ltr'>Enyel</span> <span class='ocrx_word' id='word_1_301' title='bbox 518 2942 551 2975; x_wconf 87' lang='lat' dir='ltr'>in</span> <span class='ocrx_word' id='word_1_302' title='bbox 575 2940 773 2975; x_wconf 81' lang='lat' dir='ltr'>Zeitschrift</span> <span class='ocrx_word' id='word_1_303' title='bbox 799 2943 857 2973; x_wconf 81' lang='lat' dir='ltr'>der</span> <span class='ocrx_word' id='word_1_304' title='bbox 888 2944 921 2974; x_wconf 79' lang='lat' dir='ltr'>k.</span> <span class='ocrx_word' id='word_1_305' title='bbox 948 2943 981 2975; x_wconf 82' lang='lat' dir='ltr'>k.</span> <span class='ocrx_word' id='word_1_306' title='bbox 1009 2940 1240 2974; x_wconf 78' lang='lat' dir='ltr'>Geseuschart</span> <span class='ocrx_word' id='word_1_307' title='bbox 1273 2943 1330 2974; x_wconf 73' lang='lat' dir='ltr'>der</span> <span class='ocrx_word' id='word_1_308' title='bbox 1360 2943 1483 2975; x_wconf 76' lang='lat' dir='ltr'>Aerzte</span> <span class='ocrx_word' id='word_1_309' title='bbox 1510 2951 1556 2976; x_wconf 83' lang='lat' dir='ltr'>zu</span> <span class='ocrx_word' id='word_1_310' title='bbox 1580 2941 1696 2988; x_wconf 80' lang='lat' dir='ltr'>wien,</span> 
     </span>
     <span class='ocr_line' id='line_1_40' title="bbox 85 2996 845 3041; baseline -0.007 -6"><span class='ocrx_word' id='word_1_311' title='bbox 85 3001 160 3036; x_wconf 60' lang='lat' dir='ltr'>aiter</span> <span class='ocrx_word' id='word_1_312' title='bbox 180 3004 364 3041; x_wconf 74' lang='lat' dir='ltr'>Jahrgang.</span> <span class='ocrx_word' id='word_1_313' title='bbox 416 3001 505 3034; x_wconf 73' lang='lat' dir='ltr'>fasc.</span> <span class='ocrx_word' id='word_1_314' title='bbox 529 3002 618 3036; x_wconf 84' lang='lat' dir='ltr'>vm.</span> <span class='ocrx_word' id='word_1_315' title='bbox 656 3007 734 3039; x_wconf 81' lang='lat' dir='ltr'>pag.</span> <span class='ocrx_word' id='word_1_316' title='bbox 766 2996 845 3031; x_wconf 84' lang='lat'><strong>103.</strong></span> 
     </span>
    </p>
   </div>
   <div class='ocr_carea' id='block_1_4' title="bbox 1372 3065 1396 3097">
    <p class='ocr_par' dir='ltr' id='par_1_4' title="bbox 1372 3065 1396 3097">
     <span class='ocr_line' id='line_1_41' title="bbox 1372 3065 1396 3097; baseline 0 0"><span class='ocrx_word' id='word_1_317' title='bbox 1372 3065 1396 3097; x_wconf 74' lang='lat'>4</span> 
     </span>
    </p>
   </div>
  </div>
 </body>
</html>
