1936 3281
859 171 1196 215 —siss—

210 306 343 365 copia
382 306 646 350 instructam
675 317 782 349 esse
815 309 1036 349 censeant
1054 302 1118 363 4).
1189 303 1323 357 Quod
1358 311 1506 350 autem
1538 306 1612 350 vel
1635 306 1832 351 maxime

208 372 492 418 mirationem
527 377 704 425 movet,
744 371 1026 414 Blatlmomn
1046 370 1121 432 5),
1173 385 1264 430 quo
1299 372 1402 416 loco
1450 373 1732 419 substantiae
1768 373 1834 418 ci-

210 455 380 486 nereae
415 444 697 492 structuram,
738 439 884 498 qualis
918 439 961 483 in
999 438 1249 483 batrachiis
1286 445 1509 494 cernatur,
1545 440 1775 495 describit,
1807 455 1834 486 a

209 509 375 553 ceteris
424 507 533 551 viris
579 505 728 550 doctis
783 506 968 551 omnino
1020 505 1250 559 dissentit,
1296 506 1464 566 quippe
1510 508 1585 567 qui
1620 514 1714 553 tota
1753 522 1835 553 sua

208 574 526 635 disquisitione
576 572 719 618 fibras
767 573 1007 631 diligenter
1057 579 1326 633 persecutus
1363 574 1622 619 cellularum
1670 576 1835 621 nullam

208 643 429 688 rationem
468 641 616 695 ducat,
653 641 761 701 quin
796 642 931 685 immo
968 642 1071 685 loco
1106 640 1306 700 quodam
1331 655 1468 687 veras
1500 642 1684 687 cellulas
1718 657 1834 701 gan-

208 709 381 770 gliosas
426 710 469 753 in
515 723 625 753 rana
669 709 854 753 omnino
909 708 1164 753 rarissimas
1218 721 1324 753 esse
1377 707 1663 768 profiteatur!
1736 709 1836 763 Qua

208 776 266 823 de
301 791 350 822 re
389 776 495 821 mihi
527 790 583 821 00
623 776 875 821 mirabilius
918 775 1099 820 videtur
1144 774 1263 820 hunc
1298 782 1600 821 scrutatorem
1636 784 1727 821 tam
1764 776 1835 822 di—

206 845 424 904 ligentem
475 857 634 889 errore
689 843 874 888 ductum
923 857 1052 896 esse,
1104 843 1227 902 quod
1262 843 1307 887 in
1357 843 1620 890 universum
1657 844 1833 899 multas,

208 926 323 972 quas
359 913 430 956 ille
467 912 661 971 protulit,
694 910 944 956 sententias
979 911 1050 955 vel
1088 910 1131 954 in
1169 910 1479 956 minutissimis
1518 912 1658 957 rebus
1697 925 1835 957 veras

207 993 315 1025 esse
352 978 564 1037 cognovi.
636 980 792 1038 ltaque
829 992 981 1031 causa,
1021 992 1110 1037 qua
1158 979 1323 1023 factum
1361 979 1437 1032 sit,
1489 985 1535 1024 ut
1582 979 1835 1037 investiga—

208 1047 379 1092 tionum
411 1060 438 1091 a
476 1060 549 1090 me
586 1054 631 1090 et
666 1046 763 1090 viro
809 1045 947 1090 docto
995 1046 1297 1090 institutarum
1342 1053 1536 1092 eventus
1585 1046 1673 1091 hac
1704 1046 1749 1091 in
1786 1061 1835 1091 re

208 1128 369 1174 parum
402 1113 656 1167 concinant,
690 1112 795 1158 inde
834 1112 1015 1157 videtur
1065 1113 1316 1172 repetenda
1356 1128 1483 1167 esse,
1523 1113 1647 1173 quod
1679 1113 1836 1158 diver-

210 1182 272 1227 sis
303 1180 608 1241 praeparandi
644 1179 873 1226 methodis
909 1179 979 1225 usi
1033 1194 1200 1225 sumus.
1280 1181 1393 1225 Nam
1434 1181 1716 1224 Blattmmm
1748 1181 1866 1226 ob-'

211 1248 548 1295 servationibus
587 1249 680 1294 suis
722 1247 923 1294 recentia
972 1247 1178 1293 adhibuit
1228 1254 1522 1308 praeparata,
1567 1249 1612 1293 in
1668 1249 1835 1309 quibus

209 1318 397 1362 cellulae
432 1315 639 1376 pallidae,
674 1315 889 1361 limitibus
925 1316 1001 1360 vix
1037 1315 1296 1375 conspicuis
1331 1315 1648 1371 circumdatae,
1689 1331 1834 1376 appa-

210 1391 321 1429 rent.
393 1383 615 1443 Equidem
652 1384 695 1427 in
728 1397 869 1428 ranae
905 1383 1100 1428 medulla
1139 1384 1298 1443 spinali
1334 1384 1545 1428 omnibus
1580 1384 1693 1429 locis
1728 1383 1834 1429 inde

210 1452 268 1497 ab
304 1457 512 1496 extremo
546 1449 605 1495 fili
652 1451 897 1496 terminalis
930 1449 1019 1496 fine
1056 1465 1201 1511 usque
1234 1450 1292 1496 ad
1340 1452 1616 1496 cerebellum
1651 1452 1834 1497 cellulas

209 1519 300 1564 vidi
332 1519 624 1579 praecipuam
662 1518 945 1564 substantiae
978 1519 1188 1563 cinereae
1224 1525 1396 1578 partem
1433 1533 1551 1573 esse,
1585 1533 1700 1578 quas
1732 1519 1834 1578 qui-

209 1586 314 1632 dem
350 1594 440 1632 tum
479 1593 665 1646 propter
701 1586 933 1631 diversam
986 1585 1342 1644 magnitudinem
1386 1588 1692 1646 formamque,
1739 1592 1833 1631 tum

208 1660 399 1715 propter
431 1654 662 1699 diversam
699 1653 1045 1713 dispositionem
1080 1653 1406 1714 ‘rationemque
1442 1654 1553 1714 ipsis
1585 1668 1686 1699 cum
1724 1668 1833 1713 par-

208 1722 328 1767 tibus
364 1721 664 1779 circumjectis
704 1721 1074 1775 intercedentem,
1113 1735 1197 1765 nec
1238 1735 1328 1766 non
1362 1722 1422 1766 oh
1448 1721 1680 1780 dignitatis
1715 1721 1833 1781 phy-

209 1790 456 1848 siologicae
491 1788 804 1834 diversitatem
839 1788 962 1835 haud
1009 1789 1192 1834 dubiam
1230 1789 1275 1833 in
1310 1788 1425 1834 duas
1466 1789 1645 1850 species
1678 1788 1833 1834 distri-

206 1857 283 1903 bui
315 1870 456 1917 posse
493 1856 717 1902 existimo.

340 1924 493 1969 Altera
538 1925 658 1969 enim
706 1925 749 1968 in
803 1925 979 1984 specie,
1029 1938 1176 1984 eaque
1221 1924 1368 1982 magis
1415 1924 1602 1982 insigni,
1648 1924 1832 1969 cellulas

206 1994 358 2037 refero
397 1993 441 2036 in
479 1992 691 2037 omnibus
738 1992 1028 2037 animantium
1076 1991 1444 2036 vertebratorum
1479 1991 1728 2049 generibus
1761 1991 1832 2035 in—

205 2065 389 2113 ventas,
436 2074 553 2118 quas
602 2064 883 2103 scrutatores
925 2073 1045 2103 nunc
1092 2072 1284 2116 „magna
1318 2072 1515 2118 corpora
1549 2059 1828 2117 gangliosa“,

206 2141 325 2172 nunc
377 2127 589 2182 „cellulas
633 2127 994 2186 multipolarcs“,
1040 2127 1113 2170 vel
1149 2125 1326 2180 „multis
1371 2125 1508 2171 radiis
1544 2125 1828 2181 instructas“,

204 2195 277 2239 vel
308 2195 621 2248 „fusiformes“
657 2195 888 2254 appellare
925 2200 1276 2239 consueverunt.
1349 2193 1476 2247 Quae
1511 2193 1695 2254 quidem
1733 2194 1831 2239 ele—

204 2269 357 2306 menta
393 2269 487 2306 tum
522 2261 834 2320 magnitudine
880 2276 973 2316 sua,
1014 2268 1108 2307 tum
1144 2261 1348 2315 ramulis,
1386 2274 1504 2320 quos
1538 2267 1717 2315 vocant,
1756 2261 1830 2305 vel

204 2329 502 2388 processibus
556 2329 761 2374 facillime
808 2330 1028 2389 cognosci
1072 2336 1277 2389 possunt.
1349 2328 1553 2388 Corpora
1588 2328 1828 2388 gangliosa

203 2410 372 2455 magna
418 2403 466 2442 ut
498 2396 924 2456 deprehendantur,
971 2397 1201 2456 aliquanto
1237 2396 1431 2451 facilius,
1481 2411 1617 2457 quam
1654 2397 1697 2441 in
1731 2409 1828 2440 me—

203 2463 323 2509 dulla
357 2464 528 2509 recenti
564 2464 884 2524 perquirenda,
921 2464 1207 2524 praeparatis
1242 2464 1287 2507 in
1322 2464 1454 2509 acido
1489 2464 1718 2509 chromico
1750 2477 1828 2508 as-

208 2532 403 2577 servatis
441 2531 684 2589 contingit,
726 2538 883 2592 utpote
920 2531 965 2577 in
1000 2531 1165 2591 quibus
1205 2531 1334 2576 color
1377 2532 1554 2578 intense
1599 2530 1747 2576 ssavus
1783 2537 1830 2576 et

293 2677 333 2717 4)
385 2672 545 2721 Stillinq
578 2675 780 2708 sententiam
813 2675 846 2706 in
879 2674 1181 2713 perscrutationum
1213 2683 1350 2707 suarum
1386 2678 1479 2712 parte
1514 2673 1618 2713 priore
1652 2672 1720 2706 unzi
1752 2685 1828 2707 cum

212 2730 386 2767 Wallach.
418 2732 507 2765 edita
535 2736 661 2772 (Uene-r
693 2732 745 2764 die
772 2737 897 2765 Textur
929 2729 988 2764 des
1024 2734 1287 2764 Riickenniarks.
1325 2730 1424 2763 1842.
1461 2740 1540 2770 pag.
1567 2732 1623 2775 1.)
1650 2727 1824 2771 prolatam,

202 2800 268 2829 qua
294 2790 327 2823 in
353 2790 495 2822 nominis
520 2794 668 2822 medulla
695 2790 818 2828 spinali
846 2793 1045 2828 corpuscula
1075 2789 1252 2828 gangliosa
1278 2794 1411 2820 exstare
1438 2794 1640 2833 negaverat,
1677 2789 1711 2822 in
1734 2794 1826 2828 parte

201 2851 307 2880 altera
334 2850 460 2890 (Uener
484 2846 536 2879 die
564 2851 712 2879 medulla
737 2850 926 2885 oblongata.
970 2856 1046 2885 pag.
1075 2847 1096 2878 4
1121 2851 1155 2878 et
1180 2844 1242 2885 50)
1266 2845 1422 2878 mutavit.

294 2904 333 2942 5)
380 2904 578 2943 Mikroscop.
606 2910 752 2937 anatem.
778 2907 998 2942 Darstellung
1022 2908 1078 2937 der
1103 2906 1360 2943 centralorgane
1385 2906 1444 2936 des
1464 2906 1747 2945 Nervensystems
1770 2901 1824 2937 bei

203 2965 266 2996 den
289 2961 512 2997 batrachiam.
554 2961 679 2997 zurich
703 2960 806 2997 1850.
856 2969 934 3003 pag.
967 2959 1022 2995 18.
