1991 3270
736 227 1070 277 ...24-

98 375 232 406 cursu
269 359 455 412 solitam,
497 365 674 418 aequat,
711 373 765 405 ae
805 362 949 406 forma
984 360 1174 420 cylindri
1209 361 1361 417 solidi,
1409 363 1541 409 acido
1571 363 1710 411 chro-

96 427 212 471 mico
244 426 406 471 'colore
441 426 617 471 intense
654 426 775 471 ssavo
811 427 987 481 tinctus,
1022 427 1204 481 eadem,
1240 443 1331 488 qua
1387 431 1546 476 cellula
1594 446 1711 490 gan-

96 494 244 552 gliosa
275 493 385 552 ipsa,
421 492 647 538 soliditate
674 499 810 552 atque
836 500 997 540 natura
1032 494 1263 554 praeditus
1288 496 1530 542 medullam
1555 499 1711 558 spina-

96 561 183 605 lem
207 566 426 620 penetrat.
497 561 654 619 Neque
683 561 774 617 jam
810 561 926 606 intra
962 561 1264 606 substantiam
1301 564 1529 609 cinei-eam
1554 572 1711 625 partes

96 627 469 684 circumjacentes
500 627 733 686 processui
775 628 1049 686 peculiarem
1084 629 1330 674 cll'orinant
1361 631 1592 688 vaginam,
1627 632 1713 678 sed

96 693 276 739 demum
323 694 440 739 inter
486 694 781 739 substantiae
815 695 946 739 albae
985 693 1125 740 fibras
1168 696 1519 754 longitudinalcs
1566 700 1611 743 in
1642 700 1712 745 la-

95 776 234 815 cuna,
276 776 409 821 quam
446 774 692 820 processus
728 769 954 821 permeat,
992 763 1079 807 tela
1123 763 1412 821 conjunctiva
1462 766 1629 812 arctius
1669 766 1713 813 ei

96 827 360 889 applicatur,
404 842 495 887 quo
532 829 673 882 facto,
710 843 735 873 e
773 828 998 874 medullae
1034 829 1218 889 spinalis
1264 831 1525 892 peripheria
1557 834 1712 893 specie

96 896 235 940 tubuli
272 895 427 939 ncrvei
464 895 560 948 lati,
596 895 791 940 medulla
828 910 997 941 nervca
1030 897 1288 957 vaginaque
1330 899 1553 954 instructi,
1600 915 1713 960 pro-

94 962 229 1007 venit..
299 962 409 1007 Axis
451 961 680 1020 cylindrus
718 962 927 1015 friabilis,
975 964 1048 1007 vel
1083 965 1254 1009 leviore
1299 980 1462 1025 pressu
1506 967 1712 1014 exhibito

97 1029 167 1073 vel
203 1028 427 1073 trahendo
459 1028 721 1085 disjunctus,
760 1029 882 1073 nullo
919 1028 1178 1075 fibrillarum
1216 1032 1410 1090 vestigio
1448 1033 1623 1088 oblato,
1656 1035 1714 1080 fi-

98 1086 199 1141 nem
238 1102 450 1155 rupturae
496 1095 673 1139 laevem
711 1095 922 1140 ostendit.
993 1096 1114 1141 Idem
1158 1097 1404 1144 admodum
1450 1107 1522 1145 est
1557 1102 1713 1147 clasti-

96 1178 196 1216 cus,
234 1162 293 1207 ita
326 1168 398 1215 ut,
444 1161 481 1207 si
524 1161 785 1216 discideris,
830 1169 984 1222 partes
1032 1172 1274 1224 separatae
1324 1168 1620 1226 conspicuum
1668 1170 1715 1215 in

96 1229 279 1274 modum
305 1228 533 1274 recedant.
605 1229 760 1283 Quivis
796 1229 954 1275 harum
990 1231 1250 1277 cellularum
1285 1234 1484 1279 ramulus
1510 1236 1714 1295 speciem

95 1296 194 1341 axis
230 1296 430 1356 cylindri,
468 1297 647 1356 qualem
682 1295 917 1357 descripsi,
952 1298 1099 1352 offert,
1135 1314 1220 1343 nec
1254 1300 1465 1359 equidem
1501 1317 1711 1362 unquam,

96 1363 140 1408 id
175 1363 298 1423 quod
346 1363 663 1424 Kb'llikerll)
717 1364 759 1408 in
794 1364 1049 1410 animalium
1088 1367 1376 1425 superiorum
1424 1367 1714 1431 hominisque

95 1430 288 1476 medulla
325 1430 408 1476 sibi
445 1430 769 1476 observavisse
813 1431 1018 1486 videtur,
1058 1434 1276 1479 ramulum
1322 1436 1535 1495 paulatim
1576 1452 1714 1484 accu-

94 1497 251 1543 minari
292 1498 334 1542 in
374 1497 600 1557 finemque
643 1505 823 1543 tenuem
864 1498 1145 1560 liberumque
1192 1502 1339 1556 exire,
1386 1504 1458 1548 vel
1493 1503 1611 1550 adeo
1645 1506 1714 1551 faa

97 1564 249 1625 sciculi
287 1565 346 1610 ad
379 1565 521 1611 instar
559 1566 602 1609 in
637 1564 779 1611 fibras
814 1566 1103 1612 tenuissimas
1137 1566 1309 1613 diffindi
1346 1569 1571 1616 videbam.

228 1631 297 1677 Ad
330 1632 635 1692 cylindrorum
679 1633 721 1676 in
759 1633 1012 1691 substantia
1051 1635 1232 1680 cinerea
1276 1635 1571 1684 directionem
1608 1653 1715 1686 cur-

95 1713 284 1758 sumque
318 1699 441 1759 quod
482 1706 668 1760 spectat,
703 1715 728 1745 a
763 1714 834 1745 me
860 1700 1033 1755 eadem,
1071 1717 1186 1761 quae
1234 1703 1594 1765 Owsjannilcoff
1618 1707 1713 1765 jam

93 1764 353 1826 descripsit,
388 1767 634 1812 observata
671 1774 792 1821 sunt,
842 1783 931 1827 qua
965 1768 1023 1813 dc
1060 1784 1199 1815 causa
1235 1772 1345 1816 satis
1384 1771 1534 1818 habeo
1567 1775 1713 1821 lecto-

94 1847 188 1877 rem
229 1833 503 1879 benevolum
547 1834 604 1879 ad
652 1834 937 1892 gangliorum
982 1842 1192 1882 catervas
1240 1838 1565 1899 cylindrosque
1607 1840 1715 1888 inde

91 1901 323 1959 protectos
373 1902 415 1945 in
458 1900 531 1960 fig.
567 1902 582 1946 l
629 1902 808 1946 tabulae
857 1902 1126 1959 subjunctae
1173 1906 1408 1965 proposita
1455 1907 1712 1967 delegasse,

96 1982 214 2026 quae
248 1967 429 2027 quidem
470 1969 621 2026 imago
660 1968 717 2013 ad
752 1983 909 2013 verum
954 1984 1151 2029 exprcsa
1194 1986 1220 2015 e
1256 1981 1531 2033 praeparato
1566 1976 1714 2038 uberi,

90 2034 346 2080 felicissime
395 2034 622 2089 instituto,
670 2037 807 2095 petita
849 2043 930 2081 cst..
1005 2038 1051 2081 ln
1087 2037 1173 2083 liac
1208 2039 1341 2096 igitur
1377 2047 1533 2087 ternos
1569 2044 1714 2103 cylin-

91 2100 201 2146 dros
233 2116 259 2146 e
295 2103 482 2160 singulis
516 2102 685 2157 cellulis
718 2103 939 2148 oriundos
975 2105 1291 2164 conspicimus,
1330 2108 1404 2166 qui
1438 2115 1609 2155 certam
1642 2110 1714 2156 di-

91 2168 358 2223 rectionem,
399 2171 526 2214 alteri
567 2169 623 2215 ad
663 2177 835 2229 partem
869 2170 1092 2217 internam
1135 2180 1271 2232 atque
1311 2176 1610 2232 anteriorem,
1645 2179 1713 2223 al-

90 2235 173 2279 teri
206 2235 264 2279 ad
294 2242 531 2281 externam
567 2237 867 2296 anticamque,
904 2238 1018 2282 tertii
1070 2239 1236 2298 quique
1270 2239 1328 2285 ad
1361 2248 1599 2289 externam
1624 2260 1712 2306 po·-

92 2301 342 2361 sticamque
380 2310 651 2362 sequuntur,
710 2304 925 2362 cylindris
968 2305 1178 2363 paribus,
1225 2306 1248 2350 i.
1286 2320 1323 2351 e.
1357 2308 1553 2355 eandem
1587 2311 1712 2358 dire-

90 2368 287 2413 ctionem
324 2370 607 2424 tenentibus,
647 2370 904 2429 neutiquam
943 2372 1142 2430 propius,
1178 2387 1312 2432 quam
1344 2376 1607 2423 cellularum
1647 2380 1712 2424 si-

91 2441 163 2481 tus
201 2437 481 2496 expostulat,
518 2437 661 2481 altero
700 2437 826 2481 alteri
866 2437 1073 2483 admotis.
1148 2441 1338 2500 Saepius
1381 2442 1488 2487 milii
1535 2444 1708 2504 obtigit,

90 2508 138 2546 ut
172 2503 271 2548 axis
308 2502 540 2562 cylindros
586 2503 645 2548 ad
680 2510 855 2562 partem
905 2505 1099 2550 anticam
1146 2513 1476 2568 externamque
1511 2525 1710 2558 conver-

92 2583 170 2614 sos
204 2584 287 2630 per
329 2569 629 2615 substantiam
669 2570 896 2616 cinei-eam
931 2586 1077 2631 usque
1119 2573 1160 2616 in
1202 2589 1386 2620 massae
1423 2577 1604 2624 albidae
1638 2578 1709 2626 la-

91 2650 265 2690 cunam,
298 2636 405 2696 quin
445 2637 623 2695 longius
657 2637 792 2682 etiam
829 2653 911 2698 per
942 2645 1083 2684 totam
1122 2640 1404 2688 substantiae
1438 2644 1569 2690 albae
1604 2647 1708 2692 lati-

92 2702 291 2748 tudinem
337 2703 395 2749 ad
438 2704 739 2764 peripheriam
787 2720 932 2765 usque
976 2707 1190 2752 continuo
1222 2723 1540 2770 persequerer.
1610 2714 1708 2761 Nee

89 2770 237 2815 minus
273 2770 503 2830 cylindros
541 2771 599 2816 ad
631 2777 803 2831 partem
838 2773 1058 2832 posticam
1094 2775 1462 2836 exterioremque
1488 2786 1705 2838 spectan-

93 2843 172 2891 tes,
207 2838 415 2896 quamvis
448 2853 605 2884 eorum
641 2854 801 2884 cursus
837 2847 1024 2900 propter
1054 2842 1211 2899 majus,
1250 2843 1373 2902 quod
1399 2846 1705 2897 emetiendum

183 2989 245 3033 11)
291 2994 473 3025 Handbuch
491 2996 548 3026 der
564 2992 867 3035 mikroskopischon
885 2995 1070 3030 anatomie.
1107 2999 1182 3034 Vol.
1208 3001 1253 3032 Π.
1283 3002 1369 3040 part.
1394 3003 1425 3036 Ι,
1475 3009 1554 3043 pag.
1575 3001 1653 3035 414,
