1991 3270
713 249 1046 294 ane-35&

72 395 194 428 mum
226 382 272 426 in
307 381 606 427 substantiam
653 382 878 426 ein'eream
911 380 1104 434 intrarit,
1155 386 1378 426 structura
1419 382 1607 441 pristina
1635 381 1685 429 in

72 449 334 495 universum
370 454 565 502 servata,
601 447 784 493 dimidio
820 454 866 492 et
898 447 1022 507 quod
1056 447 1237 492 excedit
1272 449 1516 502 attenuari,
1553 455 1683 508 post-

72 526 221 576 eaque
275 530 300 560 e
349 516 629 561 substantiae
673 515 884 560 cinereae
944 515 1031 559 alio
1087 515 1189 559 loco
1238 530 1395 560 rursus
1444 529 1687 573 emergens

71 582 313 628 decursum
366 597 494 632 suum
547 581 699 642 specie
753 581 898 626 fibrae
944 581 1123 626 albidae
1167 581 1430 627 continuare
1481 584 1681 641 putatur!

70 649 188 695 Talis
214 649 330 694 fibra
375 651 605 703 nimirum,
651 656 786 709 prout
828 649 901 693 vel
936 648 1025 693 hoc
1060 649 1132 693 vel
1169 648 1241 693 illo
1278 650 1380 693 loco
1425 649 1683 702 offenditur,

70 731 188 761 nunc
224 717 404 761 cinerea
440 724 558 762 nunc
590 717 693 761 alba
727 722 798 761 est
836 715 1041 760 dicenda.
1124 715 1332 760 Attamen
1373 730 1431 761 ne
1464 717 1546 761 illis
1580 716 1683 775 qui-

69 783 172 828 dem
204 783 249 827 in
284 784 479 838 casibus,
514 784 557 827 in
591 784 756 843 quibus
788 784 936 828 nullus
971 783 1193 841 ejusmodi
1230 797 1467 829 connexus
1499 790 1684 828 exstare

69 850 277 904 creditur,
312 850 449 895 hodie
485 850 619 895 nobis
659 851 734 908 jus
774 851 981 910 suppetit,
1019 849 1217 895 fibi-osas
1251 865 1434 895 massae
1470 852 1684 896 cinereae

69 923 225 977 partes
271 916 453 962 nomine
497 918 779 962 cinerearum
814 917 1165 977 complectendi,
1219 919 1385 977 quippe
1431 918 1474 961 in
1518 917 1683 977 quibus

68 985 242 1029 formae
279 984 367 1029 sint
400 985 610 1042 cognitae
643 998 745 1029 cum
781 982 897 1027 fibra
930 984 1118 1043 pallida,
1169 986 1311 1038 tenui,
1350 986 1532 1029 cinerea
1569 998 1685 1028 neu—

70 1051 237 1110 tiquam
270 1050 617 1111 comparandae.
687 1050 797 1095 Axis
831 1050 1062 1110 cylindros
1102 1051 1215 1105 dico,
1253 1051 1478 1096 medullae
1515 1064 1685 1110 exper-

68 1124 150 1172 tes,
183 1131 301 1177 quos
339 1118 646 1162 necessariam
683 1116 827 1161 fibrae
865 1118 1045 1162 albidae
1091 1124 1266 1177 partem
1313 1132 1419 1163 esse
1459 1119 1551 1176 jam
1597 1117 1685 1162 du—

68 1184 173 1229 dum
208 1183 317 1229 satis
350 1191 541 1230 constat.
613 1184 710 1238 Qua
744 1199 883 1229 causa
923 1185 1147 1230 adductus
1180 1185 1415 1244 equidem,
1467 1200 1524 1229 ne
1566 1185 1684 1229 forte

69 1252 215 1296 verba
240 1266 342 1297 mea
368 1266 609 1312 perperam
640 1251 954 1310 intelligantur,
977 1252 1288 1297 tantummodo
1323 1252 1380 1297 de
1416 1251 1543 1297 fibris
1576 1265 1685 1296 ner-

66 1318 165 1364 veis
196 1319 308 1373 latis,
341 1319 582 1364 medullam
618 1319 977 1375 continentibus,
1022 1320 1170 1378 deque
1214 1319 1346 1365 nudis
1397 1320 1496 1364 axis
1539 1318 1683 1379 cylin-

67 1385 162 1431 dris
190 1386 375 1445 loquar,
424 1386 481 1431 ad
516 1385 657 1432 fibras
693 1401 784 1431 non
822 1387 905 1432 nisi
941 1388 1205 1442 „cinereas“
1253 1387 1564 1445 designandas
1613 1400 1682 1441 eo,

68 1452 191 1512 quod
230 1453 380 1496 Henle
411 1454 669 1514 proposuit,
723 1454 903 1501 nomine
945 1453 1163 1499 fibrarum
1207 1454 1562 1512 gelatinosarum
1599 1452 1683 1498 ad-

68 1519 224 1564 hibito.

549 1618 598 1659 1.
628 1626 841 1660 massa
869 1614 1190 1671 informis.

209 1722 364 1767 Ranae
404 1719 614 1776 medulla,
650 1727 868 1780 quantum
903 1735 961 1765 ex
991 1721 1418 1781 investigationibus
1450 1721 1685 1781 hucusque

68 1788 280 1834 institutis
311 1789 468 1843 elucet,
504 1788 561 1833 ad
600 1794 826 1833 texturam
865 1789 1149 1833 substantiae
1186 1790 1396 1834 cinereae
1434 1790 1684 1849 exploran-

68 1855 175 1900 dam
227 1856 373 1914 magis
426 1855 607 1900 videtur
639 1855 828 1909 idonea,
882 1870 1017 1914 quam
1069 1856 1344 1916 reliquorum
1392 1857 1684 1901 animantium

67 1922 272 1968 medulla.
352 1923 529 1967 Etenim
576 1936 667 1967 non
714 1923 857 1967 solum
893 1922 1008 1967 haec
1053 1924 1277 1968 medullae
1329 1924 1583 1969 substantia
1617 1924 1685 1967 la-

40 1991 154 2051 *tius
189 1996 382 2035 extensa
419 1996 554 2049 atque
594 1989 740 2034 laxior
772 1996 852 2044 est,
890 2003 1046 2034 verum
1088 1991 1234 2045 etiam,
1273 2006 1409 2050 quum
1447 1997 1686 2049 segmenta

65 2056 359 2117 pellucidiora
398 2070 447 2102 se
479 2056 748 2110 exhibeant,
791 2057 992 2115 singulas
1036 2056 1179 2103 lineas
1227 2066 1459 2103 extremas
1495 2058 1539 2102 in
1571 2058 1686 2102 ima—

65 2124 170 2182 gine
217 2124 547 2183 microscopica
588 2124 816 2183 aliquanto
859 2130 904 2168 et
943 2125 1110 2170 certius
1145 2131 1190 2170 et
1230 2125 1409 2183 longius
1458 2139 1540 2185 per
1575 2140 1684 2185 spa-

67 2191 172 2235 tium
207 2191 422 2250 persequi
459 2192 572 2245 licet,
613 2205 747 2251 quam
778 2192 821 2234 in
858 2192 1106 2249 segmentis
1145 2191 1366 2236 induratis
1404 2206 1430 2237 e
1465 2206 1685 2238 mamman

65 2257 170 2302 lium
202 2257 398 2302 medulla
433 2258 595 2316 petitis.
668 2257 814 2302 Striae
848 2258 1138 2317 fasciculique
1177 2259 1423 2312 innumera,
1458 2273 1577 2319 quae
1604 2274 1686 2319 per

67 2325 289 2382 segmenti
324 2324 711 2379 tenuis-centrum
747 2323 977 2382 pellucens
1012 2325 1166 2369 varias
1200 2325 1242 2368 in
1281 2326 1494 2383 regiones
1534 2327 1684 2386 porri-=

66 2397 254 2449 guntur,
296 2404 505 2449 quaeque
542 2390 586 2434 in
621 2390 904 2449 superiorum
940 2390 1146 2436 ordinum
1193 2392 1460 2437 animalibus
1496 2400 1684 2452 propter

66 2458 297 2512 eximiam,
347 2470 436 2516 qua
473 2463 598 2511 sunt,
645 2456 915 2502 densitatem
952 2458 1027 2501 vix
1064 2465 1334 2517 potestatem
1371 2460 1538 2505 faciunt
1574 2461 1683 2505 retis

64 2525 265 2571 maculas
300 2523 578 2583 dispiciendi,
614 2524 658 2568 in
691 2538 800 2569 rana
838 2538 929 2568 non
966 2532 1068 2569 sunt
1102 2525 1448 2584 impedimento,
1503 2527 1682 2586 quomi-

65 2606 152 2637 nus
182 2602 381 2638 massam
415 2590 643 2650 quandam
678 2591 844 2636 adesse
886 2606 1162 2649 cognoscas,
1209 2592 1267 2637 de
1292 2646 1297 2649 V
1320 2593 1447 2651 cujus
1492 2594 1537 2637 in
1571 2594 1683 2639 sub-

68 2659 232 2704 stantia
280 2658 463 2703 cinerea
507 2658 825 2703 constituenda
880 2659 1084 2718 partibus
1132 2658 1190 2704 ad
1240 2659 1359 2705 hunc
1414 2660 1533 2705 diem
1586 2662 1682 2707 sere

66 2726 186 2771 nulla
219 2727 339 2770 facta
377 2731 447 2770 est
480 2726 662 2770 mentio.
733 2725 886 2770 Massa
920 2725 1268 2771 fundamentalis
1306 2727 1529 2782 informis,
1565 2739 1682 2788 qua-

66 2793 155 2837 lem
190 2806 291 2852 pag.
323 2794 380 2836 45
407 2792 639 2853 descripsi,
668 2806 749 2852 per
782 2799 920 2837 totam
948 2793 1172 2838 medullae
1206 2794 1532 2851 longitudinem
1569 2796 1681 2841 sub-

69 2861 260 2904 stantiae
291 2859 502 2904 cinereae
538 2873 645 2919 pars
689 2859 960 2918 gravissima
992 2875 1097 2906 esse
1140 2861 1361 2916 cernitur,
1412 2876 1529 2922 quae
1578 2862 1679 2924 qui-

69 2924 173 2970 dem
202 2939 367 2979 massa,
397 2932 559 2971 natura
593 2927 846 2985 gelatinosa
883 2927 1100 2986 praedita,
1128 2928 1265 2972 veluti
1298 2928 1591 2975 fundamento
1627 2944 1680 2975 ac

70 2991 276 3039 stromati
294 2997 375 3046 est,
396 3005 487 3052 quo
508 2992 767 3040 cellularum
786 2995 1139 3052 gangliosarum,
1164 2995 1353 3056 axisque
1368 2997 1679 3056 ¹cylindrorum

1382 3081 1425 3113 3*
