1991 3270
746 229 1084 279 ...23-

244 367 289 410 In
329 363 576 422 segmentis
613 363 888 409 transversis
931 377 1022 408 non
1059 363 1120 408 ita
1156 364 1325 409 crassis
1362 363 1615 410 substantia
1657 364 1722 410 ci·-

110 446 250 477 nerea
288 432 332 476 in
368 438 561 490 utroque
598 431 739 476 latere
772 431 892 476 striis
925 431 1344 485 semicircularibus,
1385 430 1559 477 ratione
1597 447 1753 492 sym«.

111 499 295 544 metrica
321 498 565 558 dispositis,
599 499 709 543 satis
742 498 842 543 latis
877 498 1117 557 fascisque,
1149 498 1336 555 trajecta
1370 512 1476 544 esse
1502 499 1722 554 cernitur3

110 580 227 626 quae
279 566 446 619 striae,
499 579 590 624 quo
641 566 742 609 loco
795 565 1110 609 crassissimae
1147 571 1260 619 sunt,
1303 590 1368 598 -—
1401 580 1564 625 nempe
1609 567 1726 612 infra

109 633 255 693 ipsum
289 634 509 678 calamum
545 632 828 692 scriptorium
850 656 925 686 -,
964 646 1107 691 prope
1135 632 1363 692 posterius
1395 631 1601 677 diametri
1626 647 1726 679 me-

109 700 258 745 dullae
295 707 496 744 antero·
510 699 778 759 posterioris
825 698 1056 744 dimidium
1090 706 1304 752 exortae,
1351 705 1442 744 tum
1487 701 1629 745 altera
1664 700 1722 746 ab

110 768 251 812 altera
288 767 534 812 intervallis
569 765 885 825 aequabilibus
932 766 1196 823 disjunctae,
1235 765 1412 811 ratione
1449 781 1550 812 cum
1584 782 1725 814 cana-

109 835 224 879 liculi
260 834 469 879 centralis
514 833 684 893 pariete
736 840 806 878 sat
847 834 1136 878 concentrica
1173 859 1237 866 --
1275 848 1389 892 ergo
1433 835 1726 880 convexitate

109 901 167 946 ad
202 908 375 961 partem
411 907 647 945 externam
680 915 815 945 versa
845 926 908 934 -
934 900 992 945 ad
1027 901 1256 947 anteriora
1289 902 1624 962 introrsumque
1650 916 1726 948 re-

110 968 350 1013 flectuntur
382 967 579 1026 indeque
630 968 818 1026 propius
865 968 1144 1027 propiusque
1193 969 1307 1014 inter
1346 983 1396 1013 se
1436 969 1647 1014 admotae
1682 970 1727 1015 in

110 1036 218 1080 sulci
254 1035 589 1093 longitudinalis
623 1034 863 1079 anterioris
899 1034 1039 1079 fundo
1075 1042 1360 1080 concurrunt.
1425 1036 1551 1090 Quae
1589 1038 1727 1083 striae

108 1103 366 1146 inferiorem
401 1101 623 1146 medullae
658 1102 842 1160 spinalis
879 1100 1014 1146 linem
1048 1116 1211 1147 versus
1236 1110 1282 1147 et
1316 1104 1547 1148 tenuiores
1573 1110 1618 1148 et
1641 1119 1726 1150 an-

109 1170 337 1227 gustiores
376 1169 611 1221 eststunt,
659 1182 748 1227 quo
786 1170 916 1222 facto,
958 1184 1094 1228 quum
1130 1170 1339 1228 longiore
1373 1171 1675 1231 longioreque
1702 1187 1729 1217 a

108 1237 225 1281 linea
258 1235 407 1281 media
445 1236 591 1296 spatio
629 1234 863 1290 finiantur,
898 1236 941 1279 in
981 1235 1056 1280 filo
1092 1237 1335 1291 terminali,
1384 1237 1428 1281 in
1465 1252 1556 1297 quo
1593 1239 1728 1285 etiam

109 1309 200 1348 tum
238 1309 601 1362 cognoscuntur,
643 1304 737 1347 fere
779 1303 928 1347 circuli
977 1303 1277 1363 quadrantem
1312 1303 1582 1359 efficientes,
1633 1321 1729 1352 non

108 1371 295 1416 multum
330 1372 445 1415 ultra
480 1370 713 1415 canaliculi
748 1371 961 1415 centralis
1011 1371 1289 1416 altitudinem
1326 1371 1612 1418 adscendunt
1652 1371 1727 1436 (cf.

109 1439 184 1482 tab
203 1437 312 1497 figl
341 1446 386 1482 et
401 1437 469 1497 11).
519 1438 601 1491 Qui
629 1436 827 1482 fasciculi
855 1438 1168 1483 semicirculati
1196 1453 1286 1484 non
1313 1439 1355 1484 in
1394 1440 1604 1486 omnibus
1628 1456 1728 1487 me-

108 1505 257 1550 dullae
301 1505 507 1565 partibus
546 1505 640 1564 pari
679 1505 968 1550 inveniuntur
1002 1520 1202 1551 numero.
1276 1507 1463 1560 Etenim,
1504 1508 1565 1552 uti
1590 1509 1728 1554 fasci-

107 1573 191 1618 culi
224 1573 422 1630 majores
468 1573 511 1616 in
553 1573 867 1632 superioribus
909 1572 1133 1618 medullae
1177 1573 1464 1633 portionibus
1502 1575 1728 1636 utrimque

109 1641 235 1684 5—ss
271 1645 634 1698 cognoscuntur,
681 1639 738 1684 ita
772 1640 883 1684 infra
921 1640 1310 1686 intumescentiam
1358 1642 1600 1687 luinbalem
1643 1657 1727 1689 eo-

108 1723 203 1751 rum
241 1707 439 1752 nonnulli
476 1707 622 1752 minus
660 1707 890 1766 conspicui
942 1707 1076 1761 liunt,
1120 1715 1255 1767 atque
1288 1709 1331 1752 in
1362 1709 1562 1769 planitie,
1598 1711 1727 1757 lineis

107 1775 149 1818 in
183 1788 342 1819 omnes
376 1775 590 1832 regiones
625 1774 972 1820 decurrentibus
1011 1775 1239 1829 instructa,
1270 1776 1361 1833 jam
1403 1790 1496 1820 non
1530 1778 1726 1824 fascicu—

106 1842 250 1886 lorum
285 1842 575 1901 peculiarium
622 1841 818 1901 speciem
867 1843 1098 1901 praebent.
1171 1844 1217 1886 ln
1256 1844 1506 1901 segmentis
1544 1845 1725 1891 tenuio-

95 1909 231 1954 ribus
269 1908 313 1952 hi
351 1909 549 1954 fasciculi
586 1924 644 1954 cx
684 1909 871 1967 singulis
910 1910 1037 1953 lineis
1075 1910 1315 1968 compositi
1351 1910 1726 1958 animadvertun-

106 1982 186 2030 tur,
227 1989 346 2036 quae
382 1976 574 2035 quidem,
613 1976 689 2020 liic
725 1977 1049 2026 confertiores,
1095 1991 1229 2036 quam
1274 1977 1317 2021 in
1354 1978 1526 2037 reliqua
1557 1994 1723 2036 massa,

103 2049 149 2088 et
179 2044 223 2087 in
258 2057 390 2087 unam
425 2044 658 2101 regionem
690 2058 853 2088 versus
888 2045 1117 2098 collectae,
1156 2043 1367 2099 efficiunt,
1402 2051 1448 2090 ut
1481 2047 1723 2092 fasciculo-

104 2125 201 2155 rum
239 2111 541 2155 solitariorum
576 2126 601 2156 a
642 2110 845 2170 partibus
884 2111 1182 2168 circumjectis
1220 2118 1536 2171 separatorum
1572 2114 1722 2173 imago

105 2178 336 2222 offeratur.
409 2178 631 2231 Ceterum,
665 2179 702 2223 si
735 2192 759 2222 a
797 2177 1046 2223 directione
1082 2180 1279 2223 fasciculi
1313 2180 1512 2225 universi
1547 2180 1725 2227 disces-

106 2245 231 2298 seris,
269 2244 311 2287 in
345 2244 531 2298 ratione,
572 2259 661 2304 qua
697 2246 811 2290 istae
847 2244 960 2290 illius
1001 2246 1144 2289 lineae
1184 2246 1300 2290 inter
1335 2260 1385 2290 se
1423 2248 1721 2303 continentur,

104 2312 221 2356 nulla
260 2317 384 2355 certa
426 2312 699 2357 observatur
745 2313 913 2369 regula.
984 2313 1216 2371 Nusquam
1263 2312 1381 2357 enim
1419 2313 1538 2359 duae
1574 2316 1722 2362 lineae

104 2377 377 2437 aliquantum
417 2379 545 2437 spatii
597 2378 858 2438 parallelum
896 2378 1139 2423 decursum
1184 2380 1393 2425 ineuntes
1427 2383 1720 2441 conspiciun-

103 2452 194 2498 tur,
243 2444 324 2488 sed
367 2445 515 2503 potius
552 2445 699 2489 modis
751 2445 945 2490 maxime
989 2446 1125 2490 variis
1170 2446 1286 2490 inter
1330 2460 1380 2491 se
1426 2447 1719 2507 implicantur.

103 2514 281 2571 ltaque,
325 2512 464 2556 altera
511 2512 627 2556 linea
675 2511 780 2556 dum
830 2519 954 2557 recta
1002 2511 1226 2566 decurrit,
1268 2514 1410 2558 altera
1449 2514 1580 2570 juxta
1617 2530 1720 2562 eam

103 2585 227 2624 motu
261 2584 467 2623 tortuoso
506 2581 672 2632 fertur,
711 2578 768 2624 ad
805 2580 946 2624 latera
978 2594 1140 2625 versus
1175 2580 1383 2635 deflectit,
1418 2580 1571 2627 denuo
1605 2598 1718 2644 pro-

104 2647 202 2706 pius
234 2645 409 2690 accedit
433 2661 535 2691 cum
571 2647 827 2705 ceterisque
864 2647 1144 2701 decussatur,
1184 2662 1274 2706 quo
1309 2647 1510 2702 efficitur,
1544 2655 1592 2694 ut
1616 2652 1718 2696 nul-

104 2714 171 2758 lus
205 2712 578 2772 deprehendatur
625 2712 763 2765 ordo,
804 2714 922 2758 nulla
969 2715 1138 2772 regula.
1209 2715 1294 2759 Per
1340 2721 1477 2760 totam
1514 2717 1716 2763 fasciculi

102 2779 425 2838 longitudinem
466 2780 670 2838 singulae
716 2779 878 2834 lineae,
933 2796 1051 2826 nunc
1095 2781 1406 2836 dextrorsum,
1445 2797 1565 2828 nunc
1606 2784 1716 2831 sini-

105 2853 325 2892 strorsum
369 2854 616 2906 evagatae,
665 2848 852 2892 brevem
887 2855 992 2908 post
1027 2864 1207 2894 cursum
1240 2849 1283 2893 in
1331 2864 1541 2905 massam,
1577 2866 1714 2912 quam

105 2928 245 2974 supra
286 2914 491 2969 diximus,
529 2916 764 2960 informem
801 2916 871 2960 vel
913 2915 1293 2962 fundamentalem
1332 2917 1512 2963 abeunt.
1584 2919 1714 2974 Quae

104 2980 264 3030 eadem
286 2988 378 3029 -est
421 2982 535 3033 ratio
576 2980 727 3031 finium
776 2982 1091 3033 fasciculorum
1128 2984 1331 3050 ipsorum
1372 2985 1414 3033 in
1455 2988 1714 3052 posteriore

1825 84 1933 158 ,3247
