1991 3270
861 180 1196 230 ...40-

207 318 377 367 essent,
403 313 448 358 in
482 314 756 360 evolationis
781 314 978 360 decursu
1003 315 1271 360 membrana
1295 317 1509 363 cellulosa
1534 332 1829 373 evanescere,

207 379 424 440 solusque
458 381 668 436 nucleus,
717 388 945 441 tamquam
991 382 1276 428 formationis
1321 384 1562 442 primariae
1599 384 1828 445 reliquiae,

205 461 445 493 remanere
464 448 751 494 credebatur.
776 450 898 495 Haec
919 449 1052 508 igitur
1068 450 1270 494 virorum
1287 449 1527 496 doctorum
1565 452 1830 498 observatio

205 521 367 560 nostro
399 530 583 576 quoque
619 516 664 560 in
698 531 821 571 casu,
857 523 904 562 ut
939 516 1270 571 conclusiones,
1308 531 1334 562 e
1360 518 1666 565 continuitatis
1691 519 1831 565 ratio-

204 582 340 628 nibus
379 581 628 638 deductae,
673 582 909 629 firmentur
953 598 1007 629 ac
1043 584 1300 638 fulciantur,
1345 599 1432 630 nos
1465 585 1649 646 impellit
1694 593 1831 647 atque

205 650 340 709 cogit,
379 657 427 696 ut
462 651 759 697 formationes
793 651 1032 696 cellulares
1069 651 1182 706 telis,
1220 666 1335 712 quas
1371 651 1579 707 diximus,
1619 654 1831 713 proprias

203 717 574 764 demonstremus
606 725 743 779 atque
777 732 1002 764 eruamus.
1024 745 1086 750 —-
1112 720 1160 763 In
1192 718 1516 765 dissertatione
1542 734 1568 765 a
1593 721 1666 764 Dr.
1695 721 1831 766 Ows-

198 785 453 844 jannikoff
469 785 550 848 36)
588 786 849 846 conscripta
886 786 1089 845 pluribus
1118 787 1212 844 jam
1247 787 1360 832 locis
1392 786 1506 832 haec
1542 788 1717 847 prolata
1753 788 1833 834 fuit

205 853 442 908 sententia,
468 859 518 899 ut
542 855 786 899 nonnullae
819 854 1103 899 substantiae
1142 854 1352 900 cinereae
1385 855 1585 909 cellulae,
1611 854 1832 916 imprimis

203 935 323 981 quae
348 921 558 982 proxime
583 921 882 967 canaliculum
913 922 1161 966 centralem
1194 921 1579 980 circumjacerent,
1609 936 1699 968 non
1725 936 1830 969 esse

202 987 482 1045 dicerentur,
521 988 608 1035 nisi
651 990 769 1034 telae
811 988 1128 1046 conjunctivae
1175 990 1460 1049 corpuscula.
1529 989 1663 1043 Quod
1705 996 1751 1035 et
1786 990 1829 1035 in

202 1069 346 1101 ranae
380 1056 578 1102 medulla
609 1055 878 1116 inquirenda
918 1055 1112 1100 animum
1145 1055 1204 1101 ad
1228 1055 1345 1102 hanc
1369 1056 1608 1115 regionem
1633 1057 1830 1103 maxime

200 1122 410 1169 advertit.
482 1125 531 1168 In
576 1124 665 1169 hoc
707 1129 859 1168 autem
903 1123 1084 1168 animali
1132 1131 1313 1183 praeter
1357 1138 1553 1184 corpora
1589 1124 1831 1184 gangliosa

199 1205 370 1250 magna
412 1205 550 1237 unam
591 1189 905 1236 tantummodo
940 1191 1201 1235 cellularum
1243 1192 1465 1250 speciem,
1512 1206 1613 1251 pag.
1654 1194 1711 1238 49
1744 1191 1829 1236 de-

201 1259 430 1319 scriptam,
469 1265 567 1304 toto
606 1258 830 1304 medullae
869 1258 1053 1317 spinalis
1089 1258 1287 1304 decursu
1327 1258 1386 1303 ad
1419 1264 1673 1305 extremum
1706 1258 1830 1305 filum

200 1326 437 1372 terminale
478 1340 626 1386 usque
669 1332 855 1371 exstare
895 1325 1114 1385 apparuit.
1193 1325 1434 1379 Quaeritur
1483 1341 1626 1381 nunc,
1675 1341 1829 1372 nonne

198 1393 288 1440 hae
318 1394 507 1440 cellulae
544 1408 628 1454 pro
664 1394 782 1439 telae
818 1393 1137 1451 conjunctivae
1174 1394 1467 1453 corpusculis,
1503 1408 1622 1454 quae
1653 1408 1828 1439 vocan—

198 1465 282 1517 tur,
318 1461 564 1507 habendae
601 1462 725 1507 sint?
793 1459 960 1515 Antea,
1008 1461 1192 1506 cellulas
1235 1461 1501 1520 gangliosas
1545 1476 1673 1516 esse,
1720 1476 1828 1522 per—

199 1543 388 1576 suasum
426 1529 674 1584 habebant,
715 1528 803 1574 hac
837 1528 1052 1588 opinione
1091 1534 1254 1583 tamen,
1291 1542 1410 1588 quae
1446 1530 1544 1574 sola
1583 1528 1828 1590 hypothesi

196 1598 307 1643 nixa
341 1611 368 1643 a
401 1597 632 1658 prioribus
670 1596 837 1642 tradita
876 1597 1034 1650 suerat,
1075 1596 1119 1640 in
1157 1597 1519 1656 perscrutatione
1555 1596 1825 1656 histologica

197 1679 255 1711 eo
291 1665 440 1711 minus
490 1666 695 1719 valente,
752 1662 877 1723 quod
930 1663 1081 1708 omnia
1135 1664 1267 1721 signa
1314 1662 1585 1721 histologica
1636 1678 1827 1723 prorsus

196 1733 408 1791 neglecta
443 1734 632 1778 fuerant.
698 1733 907 1791 Namque
941 1730 1112 1776 cellulis
1146 1730 1229 1775 illis
1263 1745 1364 1775 cum
1396 1731 1679 1790 corpusculis
1704 1730 1828 1776 haud

197 1799 336 1846 dubie
375 1800 640 1860 gangliosis,
678 1813 798 1859 quae
833 1797 975 1843 fibras
1011 1812 1209 1843 nerveas
1241 1812 1378 1843 veras
1416 1797 1660 1852 dimittunt,
1706 1799 1826 1843 nulla

198 1868 383 1913 omnino
416 1867 657 1912 intercedit
694 1865 948 1912 similitudo.
1021 1866 1098 1910 Illa
1134 1865 1254 1910 enim
1290 1879 1488 1925 corpora
1524 1871 1627 1910 sunt
1659 1880 1825 1923 magna

197 1936 436 1993 angulosa,
482 1934 747 1980 indumento
787 1933 864 1978 vix
903 1933 1153 1992 conspicuo
1188 1932 1411 1987 involuta,
1462 1933 1624 1977 nucleo
1657 1947 1826 1991 magno

194 2002 459 2063 pallidoque
495 2002 715 2062 praedita,
757 2001 1151 2059 substantiamque
1187 1999 1492 2045 semisolidam
1527 2000 1824 2059 aequabilem,

195 2084 316 2130 quae
348 2069 481 2114 acido
516 2069 749 2113 chromico
787 2069 942 2112 colore
977 2068 1119 2111 citrco
1150 2067 1358 2121 induitur,
1395 2065 1639 2111 continent.
1705 2067 1825 2112 Con-

194 2142 266 2182 tra
304 2136 392 2182 hae
431 2136 621 2181 cellulae
669 2133 1005 2188 subrotundae‚
1053 2133 1260 2192 ejusdem
1300 2140 1438 2193 atque
1481 2134 1527 2178 in
1572 2133 1670 2179 aliis
1708 2135 1826 2180 telae

195 2203 517 2263 conjunctivae
549 2203 661 2249 locis
694 2201 1029 2260 magnitudinis,
1063 2202 1332 2246 membrana
1364 2201 1520 2255 densa,
1548 2215 1667 2260 quae
1693 2201 1825 2247 acido

195 2271 428 2317 chromico
455 2272 610 2316 colore
636 2271 816 2315 intense
846 2270 975 2314 fusco
1001 2269 1225 2322 imbuitur,
1254 2268 1496 2322 obductae,
1525 2268 1826 2314 substantiam

195 2340 512 2399 granulosam,
569 2351 799 2397 unumque
851 2337 1065 2397 pluresve
1119 2337 1307 2382 nucleos
1365 2336 1520 2381 fuscos
1581 2336 1823 2381 continent.

193 2406 384 2461 Deinde,
424 2406 534 2452 dum
569 2406 642 2451 illa
678 2405 778 2450 axis
819 2403 1052 2464 cylindros
1086 2403 1323 2458 dimittunt,
1361 2403 1432 2449 his
1466 2403 1586 2448 nulla
1620 2418 1720 2448 cum
1757 2404 1824 2448 eis

194 2474 313 2520 ratio
348 2487 587 2533 nexusque
638 2471 889 2517 intercedit.
967 2471 1135 2526 Porro,
1181 2470 1288 2516 dum
1340 2484 1537 2531 corpora
1585 2471 1824 2529 gangliosa

195 2542 389 2601 axisque
423 2540 613 2600 cylindri
647 2540 692 2583 in
725 2552 909 2584 massae
947 2539 1151 2584 informis
1196 2539 1386 2584 lacunas
1430 2537 1578 2583 laxius
1612 2537 1824 2583 immersa

197 2613 313 2662 sunt,
350 2607 438 2653 hae
475 2622 577 2652 cum
615 2606 870 2652 substantia
904 2605 1228 2651 fundamentali
1264 2605 1516 2650 arctissime
1553 2603 1821 2659 cohaerent;

196 2675 416 2735 denique,
458 2680 507 2720 ut
547 2674 706 2735 paucis
749 2673 1007 2726 absolvam,
1057 2679 1272 2733 respectu
1312 2670 1660 2732 morphologico
1702 2672 1823 2718 nulla

198 2741 483 2803 deprehendi
517 2747 671 2802 potest
705 2740 1017 2798 congruentia.
1085 2742 1245 2800 Neque
1281 2739 1428 2796 major
1460 2743 1531 2783 est
1565 2738 1819 2794 similitudo,

199 2810 238 2857 si
269 2816 567 2870 utrorumque
602 2808 761 2854 sedem
796 2807 1093 2868 spectaveris.
1159 2807 1335 2852 Etenim
1359 2819 1558 2866 corpora
1583 2806 1821 2866 gangliosa

591 2913 674 2920 ———

289 2960 354 3002 36)
401 2965 427 2996 1.
455 2971 485 2996 ο.
513 2969 590 3000 rag·-
617 2958 662 2997 28
687 2963 721 2992 et
745 2959 802 2994 44.
