<?xml version="1.0" encoding="UTF-8"?>
<!DOCTYPE html PUBLIC "-//W3C//DTD XHTML 1.0 Transitional//EN"
    "http://www.w3.org/TR/xhtml1/DTD/xhtml1-transitional.dtd">
<html xmlns="http://www.w3.org/1999/xhtml" xml:lang="en" lang="en">
 <head>
  <title>
</title>
<meta http-equiv="Content-Type" content="text/html;charset=utf-8" />
  <meta name='ocr-system' content='tesseract 3.04.00' />
  <meta name='ocr-capabilities' content='ocr_page ocr_carea ocr_par ocr_line ocrx_word'/>
</head>
<body>
  <div class='ocr_page' id='page_1' title='image "./demedullaespinal00kupf_0030.png"; bbox 0 0 1991 3270; ppageno 0'>
   <div class='ocr_carea' id='block_1_1' title="bbox 851 208 1193 259">
    <p class='ocr_par' dir='ltr' id='par_1_1' title="bbox 851 208 1193 259">
     <span class='ocr_line' id='line_1_1' title="bbox 851 208 1193 259; baseline 0 -13"><span class='ocrx_word' id='word_1_1' title='bbox 851 208 1193 259; x_wconf 60' lang='lat'>...24-</span> 
     </span>
    </p>
   </div>
   <div class='ocr_carea' id='block_1_2' title="bbox 203 341 1850 3042">
    <p class='ocr_par' dir='ltr' id='par_1_2' title="bbox 209 341 1850 589">
     <span class='ocr_line' id='line_1_2' title="bbox 213 341 1850 401; baseline 0.004 -14"><span class='ocrx_word' id='word_1_2' title='bbox 213 341 498 387; x_wconf 82' lang='lat' dir='ltr'>substantiae</span> <span class='ocrx_word' id='word_1_3' title='bbox 542 341 755 387; x_wconf 78' lang='lat' dir='ltr'>cinereae</span> <span class='ocrx_word' id='word_1_4' title='bbox 796 343 1007 401; x_wconf 84' lang='lat' dir='ltr'>portione</span> <span class='ocrx_word' id='word_1_5' title='bbox 1050 342 1349 390; x_wconf 84' lang='lat' dir='ltr'>inventorum.</span> <span class='ocrx_word' id='word_1_6' title='bbox 1422 345 1593 392; x_wconf 88' lang='lat' dir='ltr'>Eorum</span> <span class='ocrx_word' id='word_1_7' title='bbox 1625 346 1745 392; x_wconf 87' lang='lat' dir='ltr'>enim</span> <span class='ocrx_word' id='word_1_8' title='bbox 1779 341 1850 392; x_wconf 73' lang='lat' dir='ltr'>li-v</span> 
     </span>
     <span class='ocr_line' id='line_1_3' title="bbox 211 408 1833 470; baseline 0.004 -18"><span class='ocrx_word' id='word_1_9' title='bbox 211 422 329 453; x_wconf 88' lang='lat' dir='ltr'>neae</span> <span class='ocrx_word' id='word_1_10' title='bbox 363 414 598 453; x_wconf 75' lang='lat' dir='ltr'>extremae</span> <span class='ocrx_word' id='word_1_11' title='bbox 633 408 848 468; x_wconf 87' lang='lat' dir='ltr'>paulatim</span> <span class='ocrx_word' id='word_1_12' title='bbox 885 410 1086 455; x_wconf 87' lang='lat' dir='ltr'>rariores</span> <span class='ocrx_word' id='word_1_13' title='bbox 1120 417 1257 470; x_wconf 90' lang='lat' dir='ltr'>atque</span> <span class='ocrx_word' id='word_1_14' title='bbox 1294 413 1526 460; x_wconf 79' lang='lat' dir='ltr'>tenuiores</span> <span class='ocrx_word' id='word_1_15' title='bbox 1564 416 1714 459; x_wconf 86' lang='lat' dir='ltr'>sactae</span> <span class='ocrx_word' id='word_1_16' title='bbox 1748 413 1833 459; x_wconf 89' lang='lat' dir='ltr'>de-</span> 
     </span>
     <span class='ocr_line' id='line_1_4' title="bbox 209 476 1836 536; baseline 0.004 -16"><span class='ocrx_word' id='word_1_17' title='bbox 209 476 347 536; x_wconf 80' lang='lat' dir='ltr'>nique</span> <span class='ocrx_word' id='word_1_18' title='bbox 385 477 429 520; x_wconf 88' lang='lat' dir='ltr'>in</span> <span class='ocrx_word' id='word_1_19' title='bbox 463 490 664 521; x_wconf 88' lang='lat' dir='ltr'>massam</span> <span class='ocrx_word' id='word_1_20' title='bbox 703 476 1088 522; x_wconf 78' lang='lat' dir='ltr'>fundamentalem</span> <span class='ocrx_word' id='word_1_21' title='bbox 1125 478 1318 534; x_wconf 87' lang='lat' dir='ltr'>abeunt,</span> <span class='ocrx_word' id='word_1_22' title='bbox 1361 481 1500 526; x_wconf 80' lang='lat' dir='ltr'>&#39;nullis</span> <span class='ocrx_word' id='word_1_23' title='bbox 1531 480 1698 527; x_wconf 86' lang='lat' dir='ltr'>finibus</span> <span class='ocrx_word' id='word_1_24' title='bbox 1733 495 1836 526; x_wconf 86' lang='lat' dir='ltr'>cer-</span> 
     </span>
     <span class='ocr_line' id='line_1_5' title="bbox 211 543 648 589; baseline 0.002 -2"><span class='ocrx_word' id='word_1_25' title='bbox 211 543 268 589; x_wconf 90' lang='lat' dir='ltr'>tis</span> <span class='ocrx_word' id='word_1_26' title='bbox 303 543 648 589; x_wconf 87' lang='lat' dir='ltr'>animadversis.</span> 
     </span>
    </p>

    <p class='ocr_par' dir='ltr' id='par_1_3' title="bbox 203 611 1838 3042">
     <span class='ocr_line' id='line_1_6' title="bbox 343 611 1836 676; baseline 0.003 -21"><span class='ocrx_word' id='word_1_27' title='bbox 343 612 531 666; x_wconf 90' lang='lat' dir='ltr'>Lineae,</span> <span class='ocrx_word' id='word_1_28' title='bbox 583 611 788 670; x_wconf 87' lang='lat' dir='ltr'>singulos</span> <span class='ocrx_word' id='word_1_29' title='bbox 825 612 1067 657; x_wconf 86' lang='lat' dir='ltr'>fasciculos</span> <span class='ocrx_word' id='word_1_30' title='bbox 1115 613 1465 670; x_wconf 78' lang='lat' dir='ltr'>constituentes,</span> <span class='ocrx_word' id='word_1_31' title='bbox 1514 621 1754 676; x_wconf 83' lang='lat' dir='ltr'>postquam</span> <span class='ocrx_word' id='word_1_32' title='bbox 1790 616 1836 660; x_wconf 92' lang='lat' dir='ltr'>in</span> 
     </span>
     <span class='ocr_line' id='line_1_7' title="bbox 211 679 1836 743; baseline 0.004 -20"><span class='ocrx_word' id='word_1_33' title='bbox 211 679 322 724; x_wconf 90' lang='lat' dir='ltr'>sulci</span> <span class='ocrx_word' id='word_1_34' title='bbox 356 679 597 725; x_wconf 88' lang='lat' dir='ltr'>anterioris</span> <span class='ocrx_word' id='word_1_35' title='bbox 629 679 770 724; x_wconf 81' lang='lat' dir='ltr'>fundo</span> <span class='ocrx_word' id='word_1_36' title='bbox 803 686 1143 734; x_wconf 86' lang='lat' dir='ltr'>concurrerunt,</span> <span class='ocrx_word' id='word_1_37' title='bbox 1179 683 1478 741; x_wconf 79' lang='lat' dir='ltr'>aequabiliter</span> <span class='ocrx_word' id='word_1_38' title='bbox 1503 684 1687 743; x_wconf 89' lang='lat' dir='ltr'>reliquis</span> <span class='ocrx_word' id='word_1_39' title='bbox 1711 684 1836 741; x_wconf 89' lang='lat' dir='ltr'>ejus-</span> 
     </span>
     <span class='ocr_line' id='line_1_8' title="bbox 210 745 1836 807; baseline 0.004 -17"><span class='ocrx_word' id='word_1_40' title='bbox 210 745 315 790; x_wconf 88' lang='lat' dir='ltr'>dem</span> <span class='ocrx_word' id='word_1_41' title='bbox 362 747 518 791; x_wconf 88' lang='lat' dir='ltr'>lateris</span> <span class='ocrx_word' id='word_1_42' title='bbox 564 747 693 792; x_wconf 79' lang='lat' dir='ltr'>lineis</span> <span class='ocrx_word' id='word_1_43' title='bbox 749 747 1145 807; x_wconf 86' lang='lat' dir='ltr'>appropinquant,</span> <span class='ocrx_word' id='word_1_44' title='bbox 1198 750 1317 796; x_wconf 90' lang='lat' dir='ltr'>nulla</span> <span class='ocrx_word' id='word_1_45' title='bbox 1365 765 1521 797; x_wconf 85' lang='lat' dir='ltr'>earum</span> <span class='ocrx_word' id='word_1_46' title='bbox 1568 751 1836 796; x_wconf 79' lang='lat' dir='ltr'>collectione</span> 
     </span>
     <span class='ocr_line' id='line_1_9' title="bbox 209 813 1836 875; baseline 0.002 -16"><span class='ocrx_word' id='word_1_47' title='bbox 209 813 402 873; x_wconf 88' lang='lat' dir='ltr'>amplius</span> <span class='ocrx_word' id='word_1_48' title='bbox 438 814 484 857; x_wconf 92' lang='lat' dir='ltr'>in</span> <span class='ocrx_word' id='word_1_49' title='bbox 521 820 819 874; x_wconf 85' lang='lat' dir='ltr'>conspectum</span> <span class='ocrx_word' id='word_1_50' title='bbox 868 814 996 868; x_wconf 68' lang='lat' dir='ltr'>data,</span> <span class='ocrx_word' id='word_1_51' title='bbox 1047 821 1184 875; x_wconf 81' lang='lat' dir='ltr'>atque</span> <span class='ocrx_word' id='word_1_52' title='bbox 1234 831 1335 862; x_wconf 88' lang='lat' dir='ltr'>cum</span> <span class='ocrx_word' id='word_1_53' title='bbox 1370 819 1499 865; x_wconf 91' lang='lat' dir='ltr'>lineis</span> <span class='ocrx_word' id='word_1_54' title='bbox 1533 817 1688 864; x_wconf 88' lang='lat' dir='ltr'>lateris</span> <span class='ocrx_word' id='word_1_55' title='bbox 1723 819 1836 863; x_wconf 85' lang='lat' dir='ltr'>alte-</span> 
     </span>
     <span class='ocr_line' id='line_1_10' title="bbox 208 881 1837 943; baseline 0.003 -17"><span class='ocrx_word' id='word_1_56' title='bbox 208 881 302 938; x_wconf 77' lang='lat' dir='ltr'>rius</span> <span class='ocrx_word' id='word_1_57' title='bbox 337 882 515 939; x_wconf 85' lang='lat' dir='ltr'>angulis</span> <span class='ocrx_word' id='word_1_58' title='bbox 541 882 737 941; x_wconf 84' lang='lat' dir='ltr'>obliquis</span> <span class='ocrx_word' id='word_1_59' title='bbox 769 881 1043 928; x_wconf 81' lang='lat' dir='ltr'>decussatae</span> <span class='ocrx_word' id='word_1_60' title='bbox 1070 884 1359 943; x_wconf 78' lang='lat' dir='ltr'>perspicuam</span> <span class='ocrx_word' id='word_1_61' title='bbox 1385 888 1688 932; x_wconf 87' lang='lat' dir='ltr'>cancellorum</span> <span class='ocrx_word' id='word_1_62' title='bbox 1722 886 1837 931; x_wconf 89' lang='lat' dir='ltr'>ima—</span> 
     </span>
     <span class='ocr_line' id='line_1_11' title="bbox 209 948 1836 1013; baseline 0.004 -21"><span class='ocrx_word' id='word_1_63' title='bbox 209 949 362 1007; x_wconf 86' lang='lat' dir='ltr'>ginem</span> <span class='ocrx_word' id='word_1_64' title='bbox 396 948 571 1007; x_wconf 85' lang='lat' dir='ltr'>figurae</span> <span class='ocrx_word' id='word_1_65' title='bbox 607 949 873 994; x_wconf 87' lang='lat' dir='ltr'>rhombicae</span> <span class='ocrx_word' id='word_1_66' title='bbox 913 952 1210 1006; x_wconf 83' lang='lat' dir='ltr'>conformant,</span> <span class='ocrx_word' id='word_1_67' title='bbox 1244 953 1372 1011; x_wconf 85' lang='lat' dir='ltr'>cujus</span> <span class='ocrx_word' id='word_1_68' title='bbox 1409 954 1588 999; x_wconf 81' lang='lat' dir='ltr'>rhombi</span> <span class='ocrx_word' id='word_1_69' title='bbox 1622 966 1742 1013; x_wconf 81' lang='lat' dir='ltr'>apex</span> <span class='ocrx_word' id='word_1_70' title='bbox 1768 953 1836 998; x_wconf 89' lang='lat' dir='ltr'>al-</span> 
     </span>
     <span class='ocr_line' id='line_1_12' title="bbox 208 1016 1835 1082; baseline 0.003 -22"><span class='ocrx_word' id='word_1_71' title='bbox 208 1022 278 1061; x_wconf 87' lang='lat' dir='ltr'>ter</span> <span class='ocrx_word' id='word_1_72' title='bbox 303 1016 362 1062; x_wconf 92' lang='lat' dir='ltr'>ad</span> <span class='ocrx_word' id='word_1_73' title='bbox 393 1017 689 1062; x_wconf 89' lang='lat' dir='ltr'>canaliculum</span> <span class='ocrx_word' id='word_1_74' title='bbox 721 1018 966 1062; x_wconf 74' lang='lat' dir='ltr'>ceriti-alem</span> <span class='ocrx_word' id='word_1_75' title='bbox 1000 1025 1187 1078; x_wconf 89' lang='lat' dir='ltr'>spectat,</span> <span class='ocrx_word' id='word_1_76' title='bbox 1230 1022 1355 1076; x_wconf 87' lang='lat' dir='ltr'>alter,</span> <span class='ocrx_word' id='word_1_77' title='bbox 1390 1023 1642 1082; x_wconf 89' lang='lat' dir='ltr'>oppositus,</span> <span class='ocrx_word' id='word_1_78' title='bbox 1670 1022 1714 1065; x_wconf 88' lang='lat' dir='ltr'>in</span> <span class='ocrx_word' id='word_1_79' title='bbox 1741 1022 1835 1066; x_wconf 91' lang='lat' dir='ltr'>sul-</span> 
     </span>
     <span class='ocr_line' id='line_1_13' title="bbox 207 1084 1835 1149; baseline 0.003 -20"><span class='ocrx_word' id='word_1_80' title='bbox 207 1098 309 1129; x_wconf 90' lang='lat' dir='ltr'>cum</span> <span class='ocrx_word' id='word_1_81' title='bbox 347 1085 623 1129; x_wconf 89' lang='lat' dir='ltr'>anteriorem</span> <span class='ocrx_word' id='word_1_82' title='bbox 657 1084 907 1130; x_wconf 87' lang='lat' dir='ltr'>descendit.</span> <span class='ocrx_word' id='word_1_83' title='bbox 977 1086 1152 1140; x_wconf 87' lang='lat' dir='ltr'>Quodsi</span> <span class='ocrx_word' id='word_1_84' title='bbox 1187 1088 1438 1147; x_wconf 88' lang='lat' dir='ltr'>contigerit,</span> <span class='ocrx_word' id='word_1_85' title='bbox 1477 1089 1601 1149; x_wconf 89' lang='lat' dir='ltr'>quod</span> <span class='ocrx_word' id='word_1_86' title='bbox 1637 1102 1835 1149; x_wconf 88' lang='lat' dir='ltr'>praepa—</span> 
     </span>
     <span class='ocr_line' id='line_1_14' title="bbox 208 1151 1835 1216; baseline 0.003 -19"><span class='ocrx_word' id='word_1_87' title='bbox 208 1151 318 1197; x_wconf 85' lang='lat' dir='ltr'>ratis</span> <span class='ocrx_word' id='word_1_88' title='bbox 354 1152 486 1197; x_wconf 88' lang='lat' dir='ltr'>acido</span> <span class='ocrx_word' id='word_1_89' title='bbox 532 1152 767 1197; x_wconf 88' lang='lat' dir='ltr'>chromico</span> <span class='ocrx_word' id='word_1_90' title='bbox 816 1153 1054 1199; x_wconf 82' lang='lat' dir='ltr'>obduratis</span> <span class='ocrx_word' id='word_1_91' title='bbox 1098 1168 1191 1198; x_wconf 91' lang='lat' dir='ltr'>non</span> <span class='ocrx_word' id='word_1_92' title='bbox 1230 1156 1294 1200; x_wconf 89' lang='lat' dir='ltr'>ita</span> <span class='ocrx_word' id='word_1_93' title='bbox 1330 1155 1510 1202; x_wconf 84' lang='lat' dir='ltr'>difficile</span> <span class='ocrx_word' id='word_1_94' title='bbox 1547 1163 1643 1212; x_wconf 83' lang='lat' dir='ltr'>est,¹</span> <span class='ocrx_word' id='word_1_95' title='bbox 1672 1162 1722 1201; x_wconf 88' lang='lat' dir='ltr'>ut</span> <span class='ocrx_word' id='word_1_96' title='bbox 1761 1156 1835 1216; x_wconf 87' lang='lat' dir='ltr'>pia</span> 
     </span>
     <span class='ocr_line' id='line_1_15' title="bbox 206 1220 1834 1279; baseline 0.003 -15"><span class='ocrx_word' id='word_1_97' title='bbox 206 1226 353 1265; x_wconf 88' lang='lat' dir='ltr'>mater</span> <span class='ocrx_word' id='word_1_98' title='bbox 405 1220 597 1279; x_wconf 85' lang='lat' dir='ltr'>ejusque</span> <span class='ocrx_word' id='word_1_99' title='bbox 644 1234 894 1279; x_wconf 86' lang='lat' dir='ltr'>processus</span> <span class='ocrx_word' id='word_1_100' title='bbox 945 1221 989 1265; x_wconf 92' lang='lat' dir='ltr'>in</span> <span class='ocrx_word' id='word_1_101' title='bbox 1042 1222 1213 1267; x_wconf 89' lang='lat' dir='ltr'>sulcum</span> <span class='ocrx_word' id='word_1_102' title='bbox 1265 1224 1540 1269; x_wconf 87' lang='lat' dir='ltr'>anteriorem</span> <span class='ocrx_word' id='word_1_103' title='bbox 1592 1224 1834 1269; x_wconf 86' lang='lat' dir='ltr'>immersus</span> 
     </span>
     <span class='ocr_line' id='line_1_16' title="bbox 207 1287 1833 1344; baseline 0.002 -12"><span class='ocrx_word' id='word_1_104' title='bbox 207 1302 309 1333; x_wconf 89' lang='lat' dir='ltr'>cum</span> <span class='ocrx_word' id='word_1_105' title='bbox 345 1287 544 1332; x_wconf 86' lang='lat' dir='ltr'>medulla</span> <span class='ocrx_word' id='word_1_106' title='bbox 596 1287 853 1332; x_wconf 84' lang='lat' dir='ltr'>cohaerens</span> <span class='ocrx_word' id='word_1_107' title='bbox 903 1289 1181 1344; x_wconf 80' lang='lat' dir='ltr'>obtineatur,</span> <span class='ocrx_word' id='word_1_108' title='bbox 1228 1291 1720 1337; x_wconf 89' lang='lat' dir='ltr'>decussationem</span> <span class='ocrx_word' id='word_1_109' title='bbox 1762 1305 1833 1336; x_wconf 82' lang='lat' dir='ltr'>ex</span> 
     </span>
     <span class='ocr_line' id='line_1_17' title="bbox 206 1354 1833 1420; baseline 0.002 -21"><span class='ocrx_word' id='word_1_110' title='bbox 206 1361 375 1415; x_wconf 90' lang='lat' dir='ltr'>parte</span> <span class='ocrx_word' id='word_1_111' title='bbox 403 1355 517 1413; x_wconf 86' lang='lat' dir='ltr'>jam</span> <span class='ocrx_word' id='word_1_112' title='bbox 552 1354 708 1400; x_wconf 85' lang='lat' dir='ltr'>iutra</span> <span class='ocrx_word' id='word_1_113' title='bbox 742 1355 873 1415; x_wconf 89' lang='lat' dir='ltr'>piae</span> <span class='ocrx_word' id='word_1_114' title='bbox 910 1358 1106 1402; x_wconf 88' lang='lat' dir='ltr'>matris</span> <span class='ocrx_word' id='word_1_115' title='bbox 1140 1372 1485 1417; x_wconf 88' lang='lat' dir='ltr'>processum</span> <span class='ocrx_word' id='word_1_116' title='bbox 1511 1359 1666 1414; x_wconf 87' lang='lat' dir='ltr'>fieri,</span> <span class='ocrx_word' id='word_1_117' title='bbox 1702 1360 1833 1420; x_wconf 92' lang='lat' dir='ltr'>plu—</span> 
     </span>
     <span class='ocr_line' id='line_1_18' title="bbox 206 1423 1834 1473; baseline 0.001 -5"><span class='ocrx_word' id='word_1_118' title='bbox 206 1423 387 1468; x_wconf 84' lang='lat' dir='ltr'>rimas</span> <span class='ocrx_word' id='word_1_119' title='bbox 425 1437 564 1467; x_wconf 82' lang='lat' dir='ltr'>vero</span> <span class='ocrx_word' id='word_1_120' title='bbox 604 1423 893 1469; x_wconf 88' lang='lat' dir='ltr'>linearum</span> <span class='ocrx_word' id='word_1_121' title='bbox 937 1425 1092 1469; x_wconf 88' lang='lat' dir='ltr'>inter</span> <span class='ocrx_word' id='word_1_122' title='bbox 1135 1440 1197 1470; x_wconf 91' lang='lat' dir='ltr'>se</span> <span class='ocrx_word' id='word_1_123' title='bbox 1236 1426 1592 1473; x_wconf 89' lang='lat' dir='ltr'>decussatas</span> <span class='ocrx_word' id='word_1_124' title='bbox 1636 1425 1834 1472; x_wconf 79' lang='lat' dir='ltr'>conti-</span> 
     </span>
     <span class='ocr_line' id='line_1_19' title="bbox 206 1490 1833 1555; baseline 0.003 -21"><span class='ocrx_word' id='word_1_125' title='bbox 206 1490 420 1536; x_wconf 89' lang='lat' dir='ltr'>nuatim</span> <span class='ocrx_word' id='word_1_126' title='bbox 455 1505 556 1550; x_wconf 90' lang='lat' dir='ltr'>per</span> <span class='ocrx_word' id='word_1_127' title='bbox 591 1505 918 1550; x_wconf 84' lang='lat' dir='ltr'>processus</span> <span class='ocrx_word' id='word_1_128' title='bbox 966 1493 1403 1551; x_wconf 80' lang='lat' dir='ltr'>longitudinem</span> <span class='ocrx_word' id='word_1_129' title='bbox 1437 1495 1710 1555; x_wconf 84' lang='lat' dir='ltr'>prot-endi</span> <span class='ocrx_word' id='word_1_130' title='bbox 1742 1495 1833 1539; x_wconf 91' lang='lat' dir='ltr'>lu—</span> 
     </span>
     <span class='ocr_line' id='line_1_20' title="bbox 206 1559 1832 1622; baseline 0.002 -20"><span class='ocrx_word' id='word_1_131' title='bbox 206 1559 488 1603; x_wconf 89' lang='lat' dir='ltr'>culenter</span> <span class='ocrx_word' id='word_1_132' title='bbox 520 1565 793 1618; x_wconf 87' lang='lat' dir='ltr'>apparet,</span> <span class='ocrx_word' id='word_1_133' title='bbox 830 1560 1045 1619; x_wconf 88' lang='lat' dir='ltr'>quoad,</span> <span class='ocrx_word' id='word_1_134' title='bbox 1080 1575 1378 1620; x_wconf 84' lang='lat' dir='ltr'>processu</span> <span class='ocrx_word' id='word_1_135' title='bbox 1415 1568 1682 1617; x_wconf 82' lang='lat' dir='ltr'>extenso,</span> <span class='ocrx_word' id='word_1_136' title='bbox 1719 1576 1832 1622; x_wconf 88' lang='lat' dir='ltr'>quo</span> 
     </span>
     <span class='ocr_line' id='line_1_21' title="bbox 205 1625 1832 1687; baseline 0.002 -17"><span class='ocrx_word' id='word_1_137' title='bbox 205 1625 343 1671; x_wconf 88' lang='lat' dir='ltr'>loco</span> <span class='ocrx_word' id='word_1_138' title='bbox 379 1625 450 1671; x_wconf 89' lang='lat' dir='ltr'>ad</span> <span class='ocrx_word' id='word_1_139' title='bbox 484 1626 849 1672; x_wconf 78' lang='lat' dir='ltr'>exteriorem</span> <span class='ocrx_word' id='word_1_140' title='bbox 884 1628 1017 1687; x_wconf 89' lang='lat' dir='ltr'>piae</span> <span class='ocrx_word' id='word_1_141' title='bbox 1064 1630 1270 1675; x_wconf 88' lang='lat' dir='ltr'>matris</span> <span class='ocrx_word' id='word_1_142' title='bbox 1302 1630 1566 1675; x_wconf 88' lang='lat' dir='ltr'>laminam</span> <span class='ocrx_word' id='word_1_143' title='bbox 1602 1630 1832 1684; x_wconf 83' lang='lat' dir='ltr'>transit,</span> 
     </span>
     <span class='ocr_line' id='line_1_22' title="bbox 205 1695 1832 1758; baseline 0.002 -20"><span class='ocrx_word' id='word_1_144' title='bbox 205 1700 597 1739; x_wconf 85' lang='lat' dir='ltr'>evanescant.</span> <span class='ocrx_word' id='word_1_145' title='bbox 677 1695 804 1748; x_wconf 84' lang='lat' dir='ltr'>Quae</span> <span class='ocrx_word' id='word_1_146' title='bbox 851 1695 966 1740; x_wconf 88' lang='lat' dir='ltr'>ratio</span> <span class='ocrx_word' id='word_1_147' title='bbox 1019 1697 1123 1741; x_wconf 88' lang='lat' dir='ltr'>licet</span> <span class='ocrx_word' id='word_1_148' title='bbox 1174 1698 1319 1756; x_wconf 91' lang='lat' dir='ltr'>primo</span> <span class='ocrx_word' id='word_1_149' title='bbox 1356 1698 1579 1758; x_wconf 89' lang='lat' dir='ltr'>adspectu</span> <span class='ocrx_word' id='word_1_150' title='bbox 1612 1712 1832 1743; x_wconf 88' lang='lat' dir='ltr'>summam</span> 
     </span>
     <span class='ocr_line' id='line_1_23' title="bbox 204 1762 1834 1825; baseline 0.002 -18"><span class='ocrx_word' id='word_1_151' title='bbox 204 1767 390 1807; x_wconf 85' lang='lat' dir='ltr'>moveat</span> <span class='ocrx_word' id='word_1_152' title='bbox 427 1762 737 1817; x_wconf 86' lang='lat' dir='ltr'>mirationem,</span> <span class='ocrx_word' id='word_1_153' title='bbox 785 1763 1005 1822; x_wconf 86' lang='lat' dir='ltr'>facileque</span> <span class='ocrx_word' id='word_1_154' title='bbox 1050 1764 1266 1824; x_wconf 92' lang='lat' dir='ltr'>opinione</span> <span class='ocrx_word' id='word_1_155' title='bbox 1315 1766 1628 1825; x_wconf 86' lang='lat' dir='ltr'>praejudicata</span> <span class='ocrx_word' id='word_1_156' title='bbox 1672 1771 1834 1825; x_wconf 87' lang='lat' dir='ltr'>captus</span> 
     </span>
     <span class='ocr_line' id='line_1_24' title="bbox 204 1829 1835 1890; baseline 0.002 -15"><span class='ocrx_word' id='word_1_157' title='bbox 204 1829 462 1884; x_wconf 83' lang='lat' dir='ltr'>adducare,</span> <span class='ocrx_word' id='word_1_158' title='bbox 500 1836 548 1874; x_wconf 88' lang='lat' dir='ltr'>ut</span> <span class='ocrx_word' id='word_1_159' title='bbox 584 1844 730 1888; x_wconf 86' lang='lat' dir='ltr'>neges</span> <span class='ocrx_word' id='word_1_160' title='bbox 763 1831 960 1876; x_wconf 87' lang='lat' dir='ltr'>tunicam</span> <span class='ocrx_word' id='word_1_161' title='bbox 1001 1846 1026 1875; x_wconf 92' lang='lat' dir='ltr'>e</span> <span class='ocrx_word' id='word_1_162' title='bbox 1066 1833 1157 1876; x_wconf 88' lang='lat' dir='ltr'>tela</span> <span class='ocrx_word' id='word_1_163' title='bbox 1194 1832 1483 1890; x_wconf 83' lang='lat' dir='ltr'>conjunctiva</span> <span class='ocrx_word' id='word_1_164' title='bbox 1521 1835 1685 1879; x_wconf 88' lang='lat' dir='ltr'>factam</span> <span class='ocrx_word' id='word_1_165' title='bbox 1721 1848 1835 1878; x_wconf 85' lang='lat' dir='ltr'>con-</span> 
     </span>
     <span class='ocr_line' id='line_1_25' title="bbox 203 1898 1835 1960; baseline 0.002 -19"><span class='ocrx_word' id='word_1_166' title='bbox 203 1898 330 1942; x_wconf 91' lang='lat' dir='ltr'>tinuo</span> <span class='ocrx_word' id='word_1_167' title='bbox 363 1898 557 1943; x_wconf 88' lang='lat' dir='ltr'>transire</span> <span class='ocrx_word' id='word_1_168' title='bbox 595 1912 735 1957; x_wconf 90' lang='lat' dir='ltr'>posse</span> <span class='ocrx_word' id='word_1_169' title='bbox 767 1899 811 1942; x_wconf 89' lang='lat' dir='ltr'>in</span> <span class='ocrx_word' id='word_1_170' title='bbox 846 1900 949 1944; x_wconf 88' lang='lat' dir='ltr'>talia</span> <span class='ocrx_word' id='word_1_171' title='bbox 984 1900 1224 1954; x_wconf 83' lang='lat' dir='ltr'>elementa,</span> <span class='ocrx_word' id='word_1_172' title='bbox 1258 1915 1450 1960; x_wconf 89' lang='lat' dir='ltr'>quorum</span> <span class='ocrx_word' id='word_1_173' title='bbox 1477 1907 1638 1947; x_wconf 87' lang='lat' dir='ltr'>natura</span> <span class='ocrx_word' id='word_1_174' title='bbox 1665 1915 1835 1946; x_wconf 84' lang='lat' dir='ltr'>nervea</span> 
     </span>
     <span class='ocr_line' id='line_1_26' title="bbox 204 1963 1835 2029; baseline 0.002 -19"><span class='ocrx_word' id='word_1_175' title='bbox 204 1965 265 2011; x_wconf 88' lang='lat' dir='ltr'>ad</span> <span class='ocrx_word' id='word_1_176' title='bbox 296 1965 418 2010; x_wconf 90' lang='lat' dir='ltr'>hunc</span> <span class='ocrx_word' id='word_1_177' title='bbox 453 1965 574 2010; x_wconf 89' lang='lat' dir='ltr'>diem</span> <span class='ocrx_word' id='word_1_178' title='bbox 610 1972 741 2011; x_wconf 78' lang='lat' dir='ltr'>extra</span> <span class='ocrx_word' id='word_1_179' title='bbox 776 1981 957 2011; x_wconf 90' lang='lat' dir='ltr'>omnem</span> <span class='ocrx_word' id='word_1_180' title='bbox 1007 1966 1301 2013; x_wconf 83' lang='lat' dir='ltr'>dubitationis</span> <span class='ocrx_word' id='word_1_181' title='bbox 1337 1969 1483 2013; x_wconf 88' lang='lat' dir='ltr'>aleam</span> <span class='ocrx_word' id='word_1_182' title='bbox 1518 1969 1668 2029; x_wconf 89' lang='lat' dir='ltr'>posita</span> <span class='ocrx_word' id='word_1_183' title='bbox 1704 1963 1835 2013; x_wconf 65' lang='lat' dir='ltr'>vide-</span> 
     </span>
     <span class='ocr_line' id='line_1_27' title="bbox 203 2033 1835 2094; baseline 0.001 -16"><span class='ocrx_word' id='word_1_184' title='bbox 203 2033 364 2087; x_wconf 82' lang='lat' dir='ltr'>batur3</span> <span class='ocrx_word' id='word_1_185' title='bbox 411 2039 563 2078; x_wconf 87' lang='lat' dir='ltr'>tamen</span> <span class='ocrx_word' id='word_1_186' title='bbox 610 2047 694 2092; x_wconf 86' lang='lat' dir='ltr'>per</span> <span class='ocrx_word' id='word_1_187' title='bbox 739 2040 882 2078; x_wconf 85' lang='lat' dir='ltr'>totum</span> <span class='ocrx_word' id='word_1_188' title='bbox 931 2034 1294 2094; x_wconf 84' lang='lat' dir='ltr'>disquisitionum</span> <span class='ocrx_word' id='word_1_189' title='bbox 1344 2050 1548 2081; x_wconf 87' lang='lat' dir='ltr'>mearum</span> <span class='ocrx_word' id='word_1_190' title='bbox 1590 2036 1835 2081; x_wconf 89' lang='lat' dir='ltr'>decursum</span> 
     </span>
     <span class='ocr_line' id='line_1_28' title="bbox 205 2100 1835 2160; baseline 0.002 -15"><span class='ocrx_word' id='word_1_191' title='bbox 205 2106 399 2145; x_wconf 90' lang='lat' dir='ltr'>centena</span> <span class='ocrx_word' id='word_1_192' title='bbox 429 2106 707 2160; x_wconf 86' lang='lat' dir='ltr'>praeparata</span> <span class='ocrx_word' id='word_1_193' title='bbox 744 2100 866 2145; x_wconf 89' lang='lat' dir='ltr'>hunc</span> <span class='ocrx_word' id='word_1_194' title='bbox 891 2116 1149 2146; x_wconf 79' lang='lat' dir='ltr'>connexum</span> <span class='ocrx_word' id='word_1_195' title='bbox 1181 2102 1382 2148; x_wconf 87' lang='lat' dir='ltr'>intimum</span> <span class='ocrx_word' id='word_1_196' title='bbox 1422 2118 1472 2147; x_wconf 87' lang='lat' dir='ltr'>re</span> <span class='ocrx_word' id='word_1_197' title='bbox 1502 2117 1614 2148; x_wconf 85' lang='lat' dir='ltr'>vera</span> <span class='ocrx_word' id='word_1_198' title='bbox 1650 2110 1835 2148; x_wconf 83' lang='lat' dir='ltr'>exstare</span> 
     </span>
     <span class='ocr_line' id='line_1_29' title="bbox 206 2167 1835 2229; baseline 0.002 -16"><span class='ocrx_word' id='word_1_199' title='bbox 206 2167 460 2213; x_wconf 85' lang='lat' dir='ltr'>certissime</span> <span class='ocrx_word' id='word_1_200' title='bbox 496 2168 605 2212; x_wconf 85' lang='lat' dir='ltr'>milii</span> <span class='ocrx_word' id='word_1_201' title='bbox 641 2175 980 2228; x_wconf 87' lang='lat' dir='ltr'>persuaserunt.</span> <span class='ocrx_word' id='word_1_202' title='bbox 1032 2169 1208 2229; x_wconf 86' lang='lat' dir='ltr'>Optime</span> <span class='ocrx_word' id='word_1_203' title='bbox 1243 2177 1405 2225; x_wconf 90' lang='lat' dir='ltr'>autem,</span> <span class='ocrx_word' id='word_1_204' title='bbox 1440 2185 1535 2215; x_wconf 90' lang='lat' dir='ltr'>rem</span> <span class='ocrx_word' id='word_1_205' title='bbox 1572 2171 1632 2216; x_wconf 85' lang='lat' dir='ltr'>ita</span> <span class='ocrx_word' id='word_1_206' title='bbox 1664 2184 1715 2215; x_wconf 88' lang='lat' dir='ltr'>se</span> <span class='ocrx_word' id='word_1_207' title='bbox 1751 2171 1835 2216; x_wconf 90' lang='lat' dir='ltr'>ha-</span> 
     </span>
     <span class='ocr_line' id='line_1_30' title="bbox 203 2235 1834 2298; baseline 0.002 -18"><span class='ocrx_word' id='word_1_208' title='bbox 203 2235 330 2290; x_wconf 80' lang='lat' dir='ltr'>bere,</span> <span class='ocrx_word' id='word_1_209' title='bbox 371 2250 428 2280; x_wconf 93' lang='lat' dir='ltr'>eo</span> <span class='ocrx_word' id='word_1_210' title='bbox 471 2249 756 2293; x_wconf 81' lang='lat' dir='ltr'>cognoscas,</span> <span class='ocrx_word' id='word_1_211' title='bbox 805 2242 852 2281; x_wconf 90' lang='lat' dir='ltr'>ut</span> <span class='ocrx_word' id='word_1_212' title='bbox 900 2242 1138 2281; x_wconf 81' lang='lat' dir='ltr'>externam</span> <span class='ocrx_word' id='word_1_213' title='bbox 1189 2237 1289 2297; x_wconf 90' lang='lat' dir='ltr'>piae</span> <span class='ocrx_word' id='word_1_214' title='bbox 1332 2239 1489 2283; x_wconf 88' lang='lat' dir='ltr'>matris</span> <span class='ocrx_word' id='word_1_215' title='bbox 1530 2239 1834 2298; x_wconf 89' lang='lat' dir='ltr'>microscopio</span> 
     </span>
     <span class='ocr_line' id='line_1_31' title="bbox 206 2303 1836 2366; baseline 0.001 -18"><span class='ocrx_word' id='word_1_216' title='bbox 206 2303 444 2360; x_wconf 89' lang='lat' dir='ltr'>subjectae</span> <span class='ocrx_word' id='word_1_217' title='bbox 481 2310 659 2362; x_wconf 89' lang='lat' dir='ltr'>partem</span> <span class='ocrx_word' id='word_1_218' title='bbox 695 2304 856 2349; x_wconf 85' lang='lat' dir='ltr'>leniter</span> <span class='ocrx_word' id='word_1_219' title='bbox 894 2304 1075 2358; x_wconf 88' lang='lat' dir='ltr'>trahas,</span> <span class='ocrx_word' id='word_1_220' title='bbox 1124 2320 1213 2364; x_wconf 85' lang='lat' dir='ltr'>qua</span> <span class='ocrx_word' id='word_1_221' title='bbox 1254 2308 1298 2349; x_wconf 92' lang='lat' dir='ltr'>in</span> <span class='ocrx_word' id='word_1_222' title='bbox 1336 2320 1411 2359; x_wconf 88' lang='lat' dir='ltr'>re,</span> <span class='ocrx_word' id='word_1_223' title='bbox 1451 2321 1589 2366; x_wconf 89' lang='lat' dir='ltr'>quum</span> <span class='ocrx_word' id='word_1_224' title='bbox 1625 2305 1836 2350; x_wconf 88' lang='lat' dir='ltr'>trahendi</span> 
     </span>
     <span class='ocr_line' id='line_1_32' title="bbox 205 2370 1835 2433; baseline 0.001 -18"><span class='ocrx_word' id='word_1_225' title='bbox 205 2372 401 2416; x_wconf 86' lang='lat' dir='ltr'>effectus</span> <span class='ocrx_word' id='word_1_226' title='bbox 450 2370 508 2415; x_wconf 89' lang='lat' dir='ltr'>ad</span> <span class='ocrx_word' id='word_1_227' title='bbox 543 2371 717 2425; x_wconf 89' lang='lat' dir='ltr'>locum,</span> <span class='ocrx_word' id='word_1_228' title='bbox 765 2386 856 2431; x_wconf 88' lang='lat' dir='ltr'>quo</span> <span class='ocrx_word' id='word_1_229' title='bbox 902 2372 1162 2430; x_wconf 85' lang='lat' dir='ltr'>conjunctio</span> <span class='ocrx_word' id='word_1_230' title='bbox 1212 2387 1461 2433; x_wconf 84' lang='lat' dir='ltr'>processus</span> <span class='ocrx_word' id='word_1_231' title='bbox 1500 2389 1601 2419; x_wconf 90' lang='lat' dir='ltr'>cum</span> <span class='ocrx_word' id='word_1_232' title='bbox 1638 2373 1835 2418; x_wconf 87' lang='lat' dir='ltr'>medulla</span> 
     </span>
     <span class='ocr_line' id='line_1_33' title="bbox 205 2437 1834 2498; baseline 0.001 -16"><span class='ocrx_word' id='word_1_233' title='bbox 205 2437 276 2493; x_wconf 88' lang='lat' dir='ltr'>fit,</span> <span class='ocrx_word' id='word_1_234' title='bbox 313 2444 623 2498; x_wconf 77' lang='lat' dir='ltr'>propagetur,</span> <span class='ocrx_word' id='word_1_235' title='bbox 666 2441 861 2497; x_wconf 87' lang='lat' dir='ltr'>angulus</span> <span class='ocrx_word' id='word_1_236' title='bbox 900 2439 1224 2485; x_wconf 92' lang='lat' dir='ltr'>decussatione</span> <span class='ocrx_word' id='word_1_237' title='bbox 1268 2441 1588 2487; x_wconf 87' lang='lat' dir='ltr'>fasciculorum</span> <span class='ocrx_word' id='word_1_238' title='bbox 1641 2442 1834 2486; x_wconf 87' lang='lat' dir='ltr'>effectus</span> 
     </span>
     <span class='ocr_line' id='line_1_34' title="bbox 206 2507 1835 2566; baseline 0.001 -15"><span class='ocrx_word' id='word_1_239' title='bbox 206 2507 382 2551; x_wconf 88' lang='lat' dir='ltr'>acutior</span> <span class='ocrx_word' id='word_1_240' title='bbox 431 2507 634 2560; x_wconf 78' lang='lat' dir='ltr'>exsistit,</span> <span class='ocrx_word' id='word_1_241' title='bbox 682 2508 921 2565; x_wconf 87' lang='lat' dir='ltr'>formaque</span> <span class='ocrx_word' id='word_1_242' title='bbox 966 2507 1202 2552; x_wconf 85' lang='lat' dir='ltr'>rhomhica</span> <span class='ocrx_word' id='word_1_243' title='bbox 1239 2510 1543 2554; x_wconf 89' lang='lat' dir='ltr'>cancellorum</span> <span class='ocrx_word' id='word_1_244' title='bbox 1576 2509 1619 2554; x_wconf 92' lang='lat' dir='ltr'>in</span> <span class='ocrx_word' id='word_1_245' title='bbox 1654 2507 1835 2566; x_wconf 84' lang='lat' dir='ltr'>longius</span> 
     </span>
     <span class='ocr_line' id='line_1_35' title="bbox 203 2573 1832 2635; baseline 0.001 -17"><span class='ocrx_word' id='word_1_246' title='bbox 203 2573 481 2633; x_wconf 88' lang='lat' dir='ltr'>producitur.</span> <span class='ocrx_word' id='word_1_247' title='bbox 554 2573 784 2618; x_wconf 86' lang='lat' dir='ltr'>Interdum</span> <span class='ocrx_word' id='word_1_248' title='bbox 820 2589 1090 2633; x_wconf 89' lang='lat' dir='ltr'>processum</span> <span class='ocrx_word' id='word_1_249' title='bbox 1125 2575 1186 2620; x_wconf 88' lang='lat' dir='ltr'>ita</span> <span class='ocrx_word' id='word_1_250' title='bbox 1218 2576 1488 2635; x_wconf 88' lang='lat' dir='ltr'>protrahere</span> <span class='ocrx_word' id='word_1_251' title='bbox 1519 2574 1626 2620; x_wconf 90' lang='lat' dir='ltr'>mihi</span> <span class='ocrx_word' id='word_1_252' title='bbox 1659 2575 1832 2633; x_wconf 79' lang='lat' dir='ltr'>obtigit,</span> 
     </span>
     <span class='ocr_line' id='line_1_36' title="bbox 204 2640 1834 2703; baseline 0.001 -18"><span class='ocrx_word' id='word_1_253' title='bbox 204 2646 265 2695; x_wconf 89' lang='lat' dir='ltr'>ut,</span> <span class='ocrx_word' id='word_1_254' title='bbox 304 2641 419 2695; x_wconf 89' lang='lat' dir='ltr'>loco,</span> <span class='ocrx_word' id='word_1_255' title='bbox 459 2654 551 2699; x_wconf 91' lang='lat' dir='ltr'>quo</span> <span class='ocrx_word' id='word_1_256' title='bbox 590 2641 738 2685; x_wconf 84' lang='lat' dir='ltr'>lineae</span> <span class='ocrx_word' id='word_1_257' title='bbox 769 2641 1085 2697; x_wconf 86' lang='lat' dir='ltr'>decussantur,</span> <span class='ocrx_word' id='word_1_258' title='bbox 1124 2643 1276 2688; x_wconf 89' lang='lat' dir='ltr'>medio</span> <span class='ocrx_word' id='word_1_259' title='bbox 1301 2644 1538 2703; x_wconf 88' lang='lat' dir='ltr'>dirempto,</span> <span class='ocrx_word' id='word_1_260' title='bbox 1574 2640 1834 2688; x_wconf 82' lang='lat' dir='ltr'>finisante—</span> 
     </span>
     <span class='ocr_line' id='line_1_37' title="bbox 204 2708 1834 2769; baseline 0.002 -18"><span class='ocrx_word' id='word_1_261' title='bbox 204 2708 300 2752; x_wconf 87' lang='lat' dir='ltr'>rior</span> <span class='ocrx_word' id='word_1_262' title='bbox 332 2708 378 2751; x_wconf 91' lang='lat' dir='ltr'>in</span> <span class='ocrx_word' id='word_1_263' title='bbox 412 2722 636 2767; x_wconf 88' lang='lat' dir='ltr'>processu</span> <span class='ocrx_word' id='word_1_264' title='bbox 672 2715 943 2763; x_wconf 82' lang='lat' dir='ltr'>remaneret,</span> <span class='ocrx_word' id='word_1_265' title='bbox 982 2724 1071 2769; x_wconf 87' lang='lat' dir='ltr'>qua</span> <span class='ocrx_word' id='word_1_266' title='bbox 1105 2711 1148 2754; x_wconf 91' lang='lat' dir='ltr'>in</span> <span class='ocrx_word' id='word_1_267' title='bbox 1182 2725 1232 2755; x_wconf 91' lang='lat' dir='ltr'>re</span> <span class='ocrx_word' id='word_1_268' title='bbox 1263 2709 1405 2756; x_wconf 86' lang='lat' dir='ltr'>fibras</span> <span class='ocrx_word' id='word_1_269' title='bbox 1438 2711 1554 2755; x_wconf 90' lang='lat' dir='ltr'>inter</span> <span class='ocrx_word' id='word_1_270' title='bbox 1589 2724 1639 2754; x_wconf 91' lang='lat' dir='ltr'>se</span> <span class='ocrx_word' id='word_1_271' title='bbox 1665 2709 1834 2755; x_wconf 88' lang='lat' dir='ltr'>decus—</span> 
     </span>
     <span class='ocr_line' id='line_1_38' title="bbox 209 2775 1838 2823; baseline 0.001 -2"><span class='ocrx_word' id='word_1_272' title='bbox 209 2781 333 2821; x_wconf 85' lang='lat' dir='ltr'>satas</span> <span class='ocrx_word' id='word_1_273' title='bbox 366 2775 678 2821; x_wconf 87' lang='lat' dir='ltr'>indumentum</span> <span class='ocrx_word' id='word_1_274' title='bbox 714 2776 937 2822; x_wconf 86' lang='lat' dir='ltr'>medullae</span> <span class='ocrx_word' id='word_1_275' title='bbox 972 2778 1345 2823; x_wconf 89' lang='lat' dir='ltr'>membranosum</span> <span class='ocrx_word' id='word_1_276' title='bbox 1380 2777 1554 2822; x_wconf 89' lang='lat' dir='ltr'>directo</span> <span class='ocrx_word' id='word_1_277' title='bbox 1592 2778 1838 2822; x_wconf 21' lang='lat' dir='ltr'>continua-⁷</span> 
     </span>
     <span class='ocr_line' id='line_1_39' title="bbox 206 2842 1833 2905; baseline 0.002 -19"><span class='ocrx_word' id='word_1_278' title='bbox 206 2857 257 2886; x_wconf 87' lang='lat' dir='ltr'>re</span> <span class='ocrx_word' id='word_1_279' title='bbox 288 2842 631 2889; x_wconf 84' lang='lat' dir='ltr'>evidentissime</span> <span class='ocrx_word' id='word_1_280' title='bbox 666 2844 885 2903; x_wconf 88' lang='lat' dir='ltr'>apparuit.</span> <span class='ocrx_word' id='word_1_281' title='bbox 958 2846 1277 2903; x_wconf 84' lang='lat' dir='ltr'>Segmentum,</span> <span class='ocrx_word' id='word_1_282' title='bbox 1314 2844 1439 2905; x_wconf 87' lang='lat' dir='ltr'>quod</span> <span class='ocrx_word' id='word_1_283' title='bbox 1473 2846 1577 2890; x_wconf 91' lang='lat' dir='ltr'>loco</span> <span class='ocrx_word' id='word_1_284' title='bbox 1611 2844 1833 2890; x_wconf 86' lang='lat' dir='ltr'>decussa-</span> 
     </span>
     <span class='ocr_line' id='line_1_40' title="bbox 206 2909 1831 2971; baseline 0.004 -19"><span class='ocrx_word' id='word_1_285' title='bbox 206 2909 343 2955; x_wconf 90' lang='lat' dir='ltr'>tionis</span> <span class='ocrx_word' id='word_1_286' title='bbox 380 2911 491 2956; x_wconf 91' lang='lat' dir='ltr'>satis</span> <span class='ocrx_word' id='word_1_287' title='bbox 525 2916 664 2956; x_wconf 86' lang='lat' dir='ltr'>tenue</span> <span class='ocrx_word' id='word_1_288' title='bbox 712 2911 791 2966; x_wconf 89' lang='lat' dir='ltr'>sit,</span> <span class='ocrx_word' id='word_1_289' title='bbox 838 2917 887 2956; x_wconf 90' lang='lat' dir='ltr'>ut</span> <span class='ocrx_word' id='word_1_290' title='bbox 921 2912 1126 2970; x_wconf 87' lang='lat' dir='ltr'>singulas</span> <span class='ocrx_word' id='word_1_291' title='bbox 1167 2912 1312 2957; x_wconf 88' lang='lat' dir='ltr'>lineas</span> <span class='ocrx_word' id='word_1_292' title='bbox 1360 2911 1641 2971; x_wconf 83' lang='lat' dir='ltr'>distinguere</span> <span class='ocrx_word' id='word_1_293' title='bbox 1686 2912 1831 2968; x_wconf 87' lang='lat' dir='ltr'>liceat,</span> 
     </span>
     <span class='ocr_line' id='line_1_41' title="bbox 209 2975 1833 3042; baseline 0.004 -21"><span class='ocrx_word' id='word_1_294' title='bbox 209 2975 341 3022; x_wconf 84' lang='lat' dir='ltr'>acido</span> <span class='ocrx_word' id='word_1_295' title='bbox 379 2977 553 3023; x_wconf 85' lang='lat' dir='ltr'>acetico</span> <span class='ocrx_word' id='word_1_296' title='bbox 590 2978 797 3037; x_wconf 77' lang='lat' dir='ltr'>guttatim</span> <span class='ocrx_word' id='word_1_297' title='bbox 845 2979 1059 3025; x_wconf 86' lang='lat' dir='ltr'>instillato</span> <span class='ocrx_word' id='word_1_298' title='bbox 1096 2993 1185 3040; x_wconf 91' lang='lat' dir='ltr'>ope</span> <span class='ocrx_word' id='word_1_299' title='bbox 1232 2979 1524 3042; x_wconf 83' lang='lat' dir='ltr'>microscopii</span> <span class='ocrx_word' id='word_1_300' title='bbox 1557 2980 1595 3027; x_wconf 86' lang='lat' dir='ltr'>si</span> <span class='ocrx_word' id='word_1_301' title='bbox 1625 2985 1833 3027; x_wconf 82' lang='lat' dir='ltr'>contem-</span> 
     </span>
    </p>
   </div>
  </div>
 </body>
</html>
