1936 3281
656 823 1272 917 Prolegomena.

283 1007 477 1075 Aetate
511 1028 823 1074 recentissima
859 1029 930 1074 hic
962 1030 1151 1089 Dorpati
1187 1028 1596 1075 commentationes
1633 1043 1660 1073 a
1693 1027 1769 1074 Dr.

151 1100 377 1159 Sch‘illiny
409 1098 452 1160 1)
512 1105 556 1143 et
597 1100 671 1143 Dr.
729 1098 1086 1156 Owtv’annikoff
1107 1096 1156 1160 2)
1205 1098 1263 1144 de
1310 1099 1536 1144 medullae
1585 1097 1771 1158 spinalis

151 1173 333 1213 textura
364 1167 649 1226 conscriptae
683 1165 725 1210 in
755 1165 952 1211 medium
986 1168 1191 1226 prolatae
1227 1173 1341 1221 sunt,
1377 1181 1569 1226 quarum
1593 1165 1773 1226 utrique

151 1234 188 1279 is
227 1235 489 1295 propositus
536 1240 608 1279 est
651 1233 772 1286 tinis,
814 1241 881 1288 ut,
922 1248 1153 1288 connexu,
1195 1249 1286 1294 quo
1322 1234 1532 1294 primitivi
1568 1232 1773 1279 radicum

151 1315 395 1347 nervorum
429 1302 666 1361 spinalium
702 1300 843 1345 tubuli
887 1316 987 1347 cum
1022 1316 1205 1347 massae
1241 1301 1453 1346 cinereae
1489 1301 1772 1360 corpusculis

153 1370 403 1428 gangliosis
437 1368 800 1422 continerentur,
845 1369 991 1428 probe
1026 1370 1286 1429 explorato,
1334 1369 1650 1414 controversia
1685 1368 1772 1424 illa,

152 1451 241 1495 qua
280 1436 521 1496 quaeritur,
554 1442 701 1480 utrum
737 1437 862 1480 nervi
900 1437 1098 1496 spinales
1133 1451 1158 1481 c
1193 1436 1400 1491 cerebro,
1437 1451 1495 1482 an
1526 1451 1551 1481 e
1576 1435 1775 1482 medulla

151 1504 312 1563 spinali
357 1504 579 1562 originem
623 1503 810 1557 ducant,
856 1518 990 1563 quam
1035 1505 1230 1549 maxime
1270 1504 1599 1563 transigeretur
1635 1509 1772 1563 atque

149 1570 208 1615 ad
241 1570 378 1616 finem
411 1570 749 1631 perduceretur.
822 1570 1046 1617 Medullae
1087 1572 1274 1632 spinalis
1308 1573 1462 1630 imago
1497 1571 1774 1630 histologica

148 1638 192 1682 in
241 1640 392 1698 priore
442 1638 614 1683 illarum
669 1638 1038 1684 dissertationum
1095 1639 1345 1685 secundum
1392 1639 1771 1697 investigationes

1793 44 1935 112 5⁷25-

148 1719 235 1765 ope
266 1706 552 1765 microscopii
591 1712 830 1765 susceptas
879 1707 1114 1766 proposita
1147 1721 1290 1767 opera
1314 1708 1388 1752 Dr.
1419 1705 1778 1764 Owsjannikoff
1820 1720 1823 1725 ·

145 1772 189 1816 in
227 1774 366 1818 rebus
404 1773 697 1831 gravissimis,
730 1778 946 1831 quantum
982 1773 1164 1834 quidem
1205 1774 1265 1819 ad
1303 1774 1495 1834 piscium
1524 1773 1770 1820 medullam

146 1840 317 1895 attinet,
358 1840 550 1899 egregie
589 1847 659 1885 est
698 1839 985 1899 confirmata;
1023 1856 1113 1902 quo
1152 1844 1269 1887 sacto
1308 1841 1354 1886 id
1389 1840 1585 1886 maxime
1624 1855 1770 1900 agen-

144 1907 251 1952 dum
275 1915 385 1963 erat,
418 1914 466 1952 ut
498 1907 657 1952 cadem
685 1907 901 1953 methodo
929 1910 1038 1954 satis
1072 1915 1275 1969 spectata
1308 1909 1351 1953 in
1382 1923 1512 1954 usum
1544 1908 1767 1964 vocanda,

144 1989 308 2035 nempe
345 1975 592 2033 segmentis
627 1974 839 2020 tenuibus
875 1983 1249 2036 praeparatorum
1284 1976 1327 2020 in
1372 1976 1504 2021 acido
1535 1975 1768 2022 chromico

142 2041 454 2088 induratorum
488 2048 580 2087 tum
611 2041 1022 2100 longitudinalihus,
1060 2051 1150 2089 tum
1185 2043 1463 2089 transversis
1493 2043 1768 2104 perquiren-

143 2108 236 2163 dis,
271 2110 365 2164 illa,
403 2124 521 2169 quae
567 2110 611 2153 in
647 2109 847 2168 piscihus
886 2118 1017 2156 erant
1051 2118 1307 2171 comperta,
1353 2111 1488 2156 etiam
1522 2111 1567 2156 in
1600 2110 1767 2157 ceteris

145 2176 435 2222 animantium
480 2176 848 2222 vertebratorum
896 2179 1144 2236 generibus
1193 2184 1587 2236 cognoscerentur
1628 2185 1768 2239 atque

143 2242 576 2290 demonstrarentur.
603 2269 666 2276 -
702 2244 857 2303 ltaque
892 2245 1108 2304 optimum
1143 2252 1214 2290 cst
1245 2245 1405 2300 visum,
1440 2246 1638 2292 omnium
1670 2247 1766 2307 pri-

143 2324 263 2355 mum
296 2311 490 2356 classem
527 2309 877 2370 amphibiorum,
921 2312 1170 2370 proximam
1206 2313 1510 2372 superiorem,
1548 2313 1766 2373 disquisi-

144 2377 341 2422 tionibus
389 2377 606 2422 adhiberi.
692 2378 1011 2423 Verumtamen
1054 2394 1146 2424 non
1190 2381 1335 2424 solum
1379 2381 1604 2426 maximae
1642 2379 1764 2425 diffi-

143 2445 345 2497 cultates,
384 2458 500 2504 quas
536 2442 733 2489 omnium
766 2444 898 2502 hujus
936 2446 1108 2493 ordinis
1143 2446 1396 2492 animalium
1428 2448 1565 2506 longe
1600 2461 1765 2508 porre-

143 2520 318 2557 ctorum
362 2512 562 2556 rationes
601 2512 883 2556 anatomicae
931 2513 989 2557 illi
1030 2514 1347 2574 perscrutandi
1386 2514 1606 2560 methodo
1644 2515 1765 2573 obji-

144 2578 283 2633 ciunt,
318 2579 400 2624 sed
434 2579 569 2623 etiam
606 2578 954 2634 secundissima,
991 2596 1126 2640 quam
1162 2595 1301 2626 ranae
1336 2582 1533 2628 medulla
1575 2582 1762 2643 spina-lis

144 2645 202 2690 ad
249 2646 543 2706 explicandas
591 2646 748 2691 summi
791 2648 1004 2692 momenti
1055 2650 1352 2709 quaestiones
1402 2655 1585 2709 praeter
1634 2663 1762 2710 spem

234 2820 272 2862 1)
320 2825 368 2854 De
396 2827 561 2856 medullae
588 2824 730 2863 spinatis
760 2830 903 2859 textura.
956 2826 1049 2860 Diss.
1079 2827 1194 2868 inaug.
1245 2829 1380 2870 norpati
1407 2829 1508 2865 1852.

230 2876 271 2918 2)
302 2878 469 2968 ¹ISJisquis.
493 2881 646 2915 microsc.
672 2886 711 2915 de
739 2887 904 2917 medullae
927 2884 1070 2924 spinalis
1100 2886 1231 2919 textura
1259 2887 1293 2921 in
1317 2887 1483 2928 piscibus.
1527 2888 1623 2926 Diss.
1640 2889 1758 2932 inaug.

139 2935 274 2976 norpati
347 2935 402 2969 54.
