1936 3281
868 171 1208 220 -42-

695 329 755 369 2.
786 325 1153 370 substantia
1190 324 1363 369 alba.

353 454 452 499 Jam
499 453 535 499 si
584 452 811 498 medullae
862 451 1006 512 ipsius
1051 457 1336 509 segmentum
1397 456 1709 500 transversum
1768 453 1837 498 in-

214 521 406 576 tuearis,
455 521 694 580 extemplo,
721 526 766 565 et
818 520 985 565 coloris
1018 525 1063 563 et
1111 518 1426 578 pelluciditatis
1479 525 1615 579 atque
1668 520 1838 581 speciei

213 587 460 633 discrimen
509 588 626 632 inter
677 587 979 632 substantiam
1020 587 1167 631 albam
1203 592 1249 630 et
1283 586 1512 631 cineream
1545 587 1683 632 valde
1721 588 1838 633 dilu-

215 655 365 701 cidum
399 662 536 715 atque
569 655 830 701 distinctum
866 654 1076 699 cernitur.
1156 652 1272 697 Alba
1303 654 1423 698 enim
1472 653 1745 710 substantia,
1779 655 1839 700 ad

213 723 519 783 peripheriam
554 723 789 776 collocata,
827 722 977 766 annuli
1008 721 1082 765 lati
1109 724 1297 765 formam
1336 721 1537 780 praebet,
1576 722 1649 781 qui
1691 737 1838 767 annu—

213 790 284 835 lus
321 805 348 835 a
385 797 515 851 parte
552 791 699 835 antica
736 789 901 835 fissura
935 789 1164 846 longiore,
1213 802 1238 832 a
1274 789 1449 847 postica
1485 796 1636 835 autem
1673 788 1839 835 fissura

214 858 480 916 angustiore
528 872 582 903 ac
626 858 843 902 breviore
879 858 923 900 in
960 857 1057 916 ipsa
1100 856 1216 901 linea
1248 855 1398 901 media
1440 857 1719 917 interruptus
1755 864 1838 902 est.

216 926 513 983 Segmentum
547 926 583 970 si
615 925 763 970 minus
797 931 932 969 tenue
970 924 1152 977 seceris,
1203 923 1456 969 substantia
1501 924 1604 970 alba
1640 939 1839 970 massam

214 993 399 1038 omnino
434 1008 527 1038 non
569 992 856 1053 pellucidam,
905 992 1060 1036 colore
1094 1005 1153 1035 ex
1192 991 1322 1049 nigro
1356 992 1485 1037 fusco
1522 992 1751 1046 imbutam,
1788 1007 1840 1038 se

213 1066 438 1120 praestat;
493 1061 562 1105 sin
607 1055 895 1118 segmentum
940 1066 1076 1103 tenue
1124 1058 1353 1112 instituas,
1401 1074 1556 1105 massa
1590 1074 1615 1104 e
1652 1060 1839 1105 maculis

215 1128 426 1173 obscuris
463 1127 833 1180 confertissimis,
880 1127 1028 1184 magis
1063 1126 1271 1170 minusve
1317 1126 1614 1172 subrotundis
1649 1141 1840 1186 compo-

216 1195 302 1240 sita
337 1202 549 1255 apparct;
597 1209 714 1254 quac
763 1195 967 1239 maculae
1003 1193 1253 1238 interstitiis
1294 1196 1520 1252 angustis,
1555 1209 1706 1240 massa
1745 1195 1841 1254 pel-

214 1261 363 1307 lucida
398 1262 604 1323 impletis,
644 1263 760 1307 inter
798 1276 847 1307 se
884 1261 1144 1321 disparatae
1182 1262 1447 1321 plerumque
1472 1262 1516 1306 in
1540 1262 1692 1307 medio
1718 1276 1840 1307 mas-

215 1345 313 1375 sam
347 1344 537 1390 parvam
573 1329 768 1375 lucidam
807 1329 1018 1374 offerunt.
1090 1329 1170 1373 Hic
1195 1329 1279 1373 illic
1317 1335 1505 1374 stratum
1542 1329 1631 1375 hoc
1665 1331 1841 1375 fuscum

216 1397 336 1443 striis
372 1404 418 1443 et
461 1398 573 1458 ipsis
618 1397 880 1457 pellucidis,
925 1412 1045 1442 nunc
1087 1395 1393 1451 tenuioribus,
1442 1412 1561 1442 nunc
1591 1397 1838 1451 latioribus,

214 1464 512 1511 directionem
556 1465 778 1510 radiatam
812 1465 1123 1524 sequentibus,
1160 1465 1397 1522 trajectum
1432 1471 1514 1519 est,
1549 1479 1667 1525 quae
1702 1464 1840 1510 striae

215 1547 398 1593 semper
431 1533 615 1593 quidem
654 1533 699 1577 in
731 1547 788 1578 ea
820 1533 1023 1591 regione,
1064 1547 1153 1592 qua
1188 1530 1333 1577 fibrae
1359 1531 1561 1578 radicum
1591 1538 1839 1593 permeant,

214 1606 259 1645 at
297 1600 479 1661 saepius
514 1601 558 1645 in
598 1601 764 1646 ceteris
798 1614 981 1662 quoquc
1013 1601 1125 1645 locis
1158 1599 1591 1645 animadvertuntur.

354 1700 440 1754 Qui
475 1700 700 1746 medullae
734 1700 922 1760 spinalis
953 1699 1192 1745 induratae
1225 1705 1511 1758 segmentum
1535 1701 1840 1762 1ni01·0scopio

215 1768 469 1826 subjectum
505 1770 579 1813 vel
616 1770 758 1814 semel
797 1769 1126 1822 obserxaverit,
1166 1769 1216 1821 is,
1252 1768 1404 1825 imago
1430 1767 1569 1813 modo
1609 1768 1839 1830 descripta

212 1835 321 1896 quid
363 1835 554 1890 doceat,
610 1837 709 1882 sine
752 1836 841 1881 ulla
896 1835 1271 1895 interpretatione
1320 1835 1574 1895 pcrspiciet.
1664 1836 1839 1882 Etenim

211 1904 413 1949 maculas
465 1905 618 1949 fuscas
678 1902 991 1949 subrotundas
1055 1902 1242 1948 totidem
1293 1901 1434 1947 fibras
1489 1903 1839 1962 longitudinales

212 1971 495 2017 substantiae
530 1972 662 2016 albae
697 1985 780 2031 per
831 1978 1142 2016 transversum
1195 1970 1419 2015 dissectas
1456 1985 1562 2015 esse
1608 1971 1836 2030 intelliget,

212 2037 320 2083 dum
360 2038 496 2083 striae
538 2038 783 2084 lucidiores
826 2045 1122 2083 transversae
1157 2038 1343 2081 lacunas
1376 2036 1595 2091 indicant,
1646 2038 1689 2081 in
1735 2039 1838 2099 qui-

210 2105 298 2151 bus
331 2104 477 2151 fibrae
513 2119 715 2150 nerveae
751 2104 952 2150 radicum
987 2105 1059 2149 vol
1096 2119 1219 2159 vasa,
1258 2105 1376 2149 telae
1410 2105 1655 2150 cellulosae
1690 2106 1839 2152 laxius

209 2173 446 2227 immersa,
507 2173 900 2232 substantiamque
956 2173 1103 2217 albam
1170 2172 1469 2217 transversim
1541 2174 1836 2232 penetrantia,

212 2240 344 2286 situm
391 2241 640 2286 obtineant.
723 2242 770 2285 In
812 2241 921 2286 solis
967 2240 1250 2300 praeparatis
1285 2239 1419 2284 valde
1468 2239 1689 2286 induratis
1727 2241 1838 2286 sub—

212 2309 407 2353 stantiae
443 2309 577 2354 albae
610 2309 840 2363 maculae,
886 2310 1032 2353 forma
1081 2307 1367 2353 subrotunda
1418 2308 1666 2368 coloreque
1709 2310 1837 2354 fusco

209 2375 466 2435 praeditae,
506 2382 722 2436 punctum
760 2376 960 2420 centrale
998 2376 1290 2435 pellucidum,
1336 2389 1502 2435 nempe
1547 2376 1647 2421 axis
1695 2376 1837 2436 cylin-

210 2443 341 2488 drum
376 2450 648 2503 persectum,
687 2443 945 2488 ostendunt.
1017 2443 1344 2503 Praeparatum
1380 2457 1471 2502 quo
1500 2443 1725 2488 recentius
1752 2449 1834 2497 est,

210 2525 267 2555 eo
304 2511 476 2556 facilius
513 2511 771 2557 tubulorum
807 2524 1083 2556 nerveorum
1129 2510 1326 2556 medulla
1360 2509 1509 2556 adhuc
1552 2509 1716 2564 mollis,
1754 2525 1836 2570 per

210 2583 351 2623 totum
404 2584 690 2637 segmentum
740 2578 929 2632 diffusa,
983 2577 1084 2623 loca
1143 2578 1436 2638 pellucidiora
1482 2577 1656 2636 obtegit
1697 2583 1834 2638 atque

214 2645 442 2691 obscurat.

349 2736 586 2794 Regularis
633 2741 784 2781 autem
836 2734 1054 2780 fibrarum
1096 2734 1484 2794 longitudinalium
1531 2732 1573 2776 in
1620 2739 1831 2779 catervas

210 2802 284 2847 vel
330 2803 553 2849 funiculos
599 2803 839 2864 dispositio
873 2818 1019 2863 usque
1052 2803 1111 2849 ad
1156 2802 1399 2848 medullam
1446 2801 1741 2859 oblongatam
1786 2800 1830 2846 in

211 2869 336 2914 ranis
371 2885 465 2916 non
497 2870 868 2931 deprehenditur.
