1991 3270
716 242 1049 287 -31-

682 371 942 463 caput
1006 370 1094 444 11.

219 508 314 563 De
353 510 707 565 substantiae
742 508 1017 563 cinereae
1053 506 1110 560 in
1148 505 1347 578 specie
1383 504 1574 561 indole

651 601 823 667 atque
870 598 1124 650 textura.

212 704 295 748 vix
341 705 430 749 ulla
471 711 543 749 est
583 705 830 762 organismi
879 703 1085 748 animalis
1130 717 1256 762 pars,
1313 717 1430 761 quae
1476 702 1533 748 ad
1584 703 1702 749 hanc

78 785 224 829 usque
268 778 464 816 aetatem
510 771 825 816 audacissimis
868 769 1142 827 conjecturis
1174 775 1262 814 tam
1305 770 1519 829 amplum,
1565 786 1702 830 quam

79 837 261 883 cinerea
314 845 570 883 centrorum
622 852 896 883 nerveorum
948 836 1222 890 substantia,
1278 837 1473 896 spatium
1512 839 1697 897 aperiat,

79 905 122 947 111
159 920 249 964 (1110
285 919 341 950 eo
375 905 559 950 liberius
598 919 844 950 excurrere
879 911 924 948 et
958 905 1074 948 inter
1116 918 1166 948 se
1201 910 1468 949 concertare
1507 913 1701 965 possunt

80 972 162 1015 viri
206 972 346 1026 docti,
388 972 511 1031 quod
545 973 754 1025 cancelli,
797 978 842 1017 ut
881 972 939 1016 ita
978 971 1147 1023 dicam,
1195 971 1310 1015 intra
1348 987 1488 1031 quos,
1535 973 1700 1018 funda-

77 1039 240 1084 mentis
278 1039 542 1084 anatomicis
579 1038 784 1083 stabilius
824 1039 915 1096 jam
956 1038 1136 1097 positis,
1175 1045 1496 1092 coerceantur,
1543 1040 1587 1083 in
1625 1040 1699 1085 illo

80 1107 173 1150 fere
211 1120 402 1165 prorsus
438 1105 614 1151 desunt.
678 1106 834 1165 Itaque
871 1106 947 1149 vix
982 1104 1073 1149 duo
1108 1105 1348 1149 multorum
1384 1111 1697 1160 scrutatorum,

80 1173 154 1231 qui
185 1173 488 1232 microscopio
527 1172 772 1230 adjuvante
812 1172 869 1217 ad
901 1173 1146 1232 perplexas
1180 1178 1225 1216 et
1256 1172 1535 1231 complicitas
1566 1173 1700 1231 hujus

79 1245 286 1285 texturae
326 1240 524 1285 rationes
564 1234 858 1285 ext‘ricandas
893 1240 1103 1298 aggressi
1140 1245 1254 1293 sunt,
1295 1240 1367 1283 vel
1404 1239 1446 1283 in
1481 1242 1698 1286 extremis

77 1306 206 1352 lineis
240 1307 349 1352 satis
381 1307 680 1352 consentiunt..
752 1308 867 1361 Quin
900 1307 1036 1351 etiam
1073 1320 1130 1350 110
1163 1306 1220 1350 (10
1256 1307 1461 1366 partibus
1494 1308 1698 1352 elemen-

78 1373 201 1418 tariis
248 1374 429 1433 quidem
476 1388 552 1428 ea,
606 1390 694 1434 qua
740 1389 855 1434 opus
900 1380 991 1427 est,
1034 1374 1278 1418 consensio
1328 1374 1574 1429 invenitur,
1615 1375 1698 1420 sed

77 1439 414 1486 diversissimae
453 1442 604 1501 11011115
643 1441 878 1486 doctrinae
914 1448 1050 1500 atque
1087 1441 1327 1500 opiniones
1363 1440 1421 1485 (10
1458 1442 1541 1486 11115
1587 1457 1697 1501 pro-

76 1508 194 1552 latae
228 1509 421 1568 palin-ain
467 1508 552 1553 sibi
593 1523 802 1568 quaeque
853 1510 1022 1552 referre
1068 1507 1347 1553 studuerunt.
1419 1509 1491 1553 Sic
1533 1509 1696 1553 Blatt-

75 1589 221 1618 mann
245 1573 324 1635 18)
372 1576 598 1620 cineream
634 1576 859 1621 medullae
914 1575 1098 1634 5111113115
1147 1575 1447 1620 substantiam
1496 1575 1540 1620 in
1585 1591 1698 1622 rana

75 1655 167 1686 non
217 1642 302 1687 nisi
355 1656 413 1686 ex
466 1641 593 1687 fibris
643 1643 940 1703 compositam
999 1656 1104 1687 esse
1160 1642 1416 1696 contendit,
1472 1644 1696 1689 elementa

73 1709 310 1754 cellularia
337 1709 522 1754 omnino
557 1724 648 1754 non
687 1710 961 1770 respiciens;
997 1710 1062 1755 sic
1097 1714 1256 1753 contra
1293 1709 1593 1768 Eiqenbrodb
1613 1710 1691 1772 19)

74 1776 513 1835 perscrutationibus
547 1777 642 1822 suis
668 1777 891 1822 adductus
925 1783 1006 1830 est,
1042 1784 1090 1822 ut
1116 1776 1416 1821 substantiam
1441 1777 1571 1831 illam,
1610 1792 1695 1822 ex-

76 1849 208 1902 cepta
244 1844 451 1902 portione
478 1844 598 1888 circa
630 1844 776 1903 ipsum
814 1844 1105 1889 canaliculum
1139 1844 1385 1888 centralem
1423 1844 1520 1898 sita,
1558 1859 1696 1905 prae-

76 1916 146 1954 ter
192 1910 405 1968 globulos
456 1911 722 1969 gangliosos
775 1911 1075 1957 verisimiliter
1124 1911 1258 1955 etiam
1303 1909 1445 1955 fibras
1497 1926 1694 1958 nerveas

75 1977 310 2021 continere
345 1983 577 2031 statueret,
613 1977 696 2023 1135
732 1979 1027 2037 posteriores,
1066 1978 1225 2023 saltem
1264 1977 1323 2023 ad
1357 1978 1532 2037 copiam
1570 1978 1695 2039 quod

74 2044 244 2098 attinet,
280 2044 492 2089 inferiore
531 2045 633 2089 loco
667 2045 906 2090 habendas
942 2059 1048 2090 csse
1082 2051 1218 2090 ratus.
1289 2046 1384 2089 Nec
1409 2045 1586 2100 desunt,
1618 2046 1695 2105 qui

76 2111 329 2156 sententiae
363 2111 706 2171 patrocinentur
743 2113 859 2157 inter
894 2113 989 2157 illas
1026 2113 1155 2172 quasi
1193 2111 1500 2157 intermediae.

211 2178 404 2233 Verum,
446 2180 655 2238 quamvis
693 2180 972 2225 eruditorum
1009 2179 1247 2239 opiniones
1290 2178 1348 2224 de
1386 2173 1697 2225 subtilioribus

76 2244 324 2289 rationibus
365 2245 632 2291 anatomicis
678 2248 750 2291 vel
794 2247 992 2292 maxime
1030 2246 1315 2305 discrepent,
1354 2261 1492 2291 unum
1528 2252 1693 2301 tamen,

76 2310 201 2369 quod
232 2311 381 2370 potius
417 2311 461 2355 in
496 2312 887 2371 disquisitionibus
923 2313 1005 2357 illis
1041 2319 1407 2372 praesumptum,
1441 2327 1576 2372 quam
1612 2328 1694 2358 ea-

75 2392 171 2422 rum
198 2384 364 2423 eventu
398 2379 551 2424 nixum
586 2393 692 2424 esse
726 2379 913 2432 dicatur,
950 2392 1112 2438 nempe
1147 2378 1204 2423 de
1236 2378 1554 2438 physiologica
1581 2380 1693 2425 sub-

76 2445 268 2489 stantiae
302 2445 512 2490 cinereae
549 2445 792 2504 dignitate,
841 2446 957 2491 inter
1003 2459 1163 2491 omnes
1207 2446 1431 2490 convenit.
1502 2447 1691 2498 Etenim,

74 2511 193 2556 hanc
228 2518 487 2556 centrorum
523 2519 698 2572 partem
733 2512 1021 2558 solummodo
1059 2514 1230 2557 nervea
1265 2526 1369 2557 esse
1396 2514 1568 2567 natura,
1595 2520 1688 2558 tum

76 2578 134 2623 ab
172 2578 382 2624 omnibus
418 2585 489 2624 est
524 2579 731 2639 positum,
764 2586 857 2625 tum
894 2581 992 2625 sine
1024 2579 1164 2624 dubio
1200 2579 1371 2639 quavis,
1408 2594 1527 2639 quae
1560 2580 1692 2625 insti-

75 2646 222 2699 tuitur,
248 2646 637 2705 pervestigatione
663 2646 814 2692 denuo
841 2645 1142 2692 confirmatur.
1176 2645 1346 2691 Omnes
1371 2646 1506 2705 igitur
1531 2661 1692 2692 unam-

77 2725 303 2771 quamque
339 2714 556 2767 cellulam,
595 2713 690 2759 sive
724 2728 890 2772 magna
926 2720 1036 2768 erat,
1074 2714 1170 2758 sive
1196 2727 1350 2773 parva,
1388 2727 1469 2758 seu
1495 2713 1691 2760 rotunda

78 2779 363 2834 cernebatur,
403 2794 485 2826 seu
515 2780 560 2824 in
593 2795 861 2841 processum
895 2781 1067 2835 exibat,
1104 2794 1335 2826 consensu
1377 2794 1461 2841 pro
1493 2794 1689 2842 corpore

169 2946 211 2980 18
284 2951 307 2979 l.
333 2958 362 2979 c.
415 2956 433 2979 a
461 2972 469 2979 .
499 2946 553 2979 18.

170 2946 234 3045 193
280 2957 461 3040 Ueberpdii
485 3003 788 3047 Leitungszesetze
812 3003 858 3041 im
881 3007 1123 3042 Rfickenmatlt.
1175 3004 1320 3041 Giessen
1345 3003 1446 3043 1845.
1496 3014 1575 3048 pag.
1601 3003 1659 3039 63.
