1991 3270
752 238 1085 285 ωρςφ...

108 368 356 415 transversi
393 374 567 427 partem
604 367 816 422 tendenti,
850 382 983 427 quem
1018 375 1063 412 et
1096 367 1173 413 hic
1204 368 1248 412 in
1283 367 1468 413 dimidio
1494 369 1723 413 anteriore

106 435 444 482 evidentissimo
499 449 723 494 apparere
773 436 1135 480 memoravimus.
1218 434 1286 480 Ab
1336 441 1529 495 utroque
1584 435 1722 480 striae

106 504 220 549 illius
266 503 408 547 latere
460 517 612 547 massa
665 503 845 547 cinerea
888 502 1049 546 eadem
1097 502 1279 546 omnino
1323 502 1474 547 indole
1513 503 1722 556 cernitur,

105 584 192 630 qua
231 584 330 614 cam
375 570 418 613 in
459 576 696 627 segmento
744 576 1006 614 transvorso
1053 582 1159 614 esse
1202 568 1417 623 diximus,
1465 584 1522 614 eo
1572 576 1724 614 tamen

105 637 362 682 discrimine
416 637 685 690 observato,
734 635 876 696 quod,
928 635 1033 680 dum
1081 636 1124 679 in
1172 643 1410 694 segmento
1455 642 1721 680 transverso

104 705 302 749 fasciculi
330 704 686 749 semicirculares
711 703 1142 756 animadvertuntur,
1171 703 1213 746 in
1248 702 1560 767 longitudinali
1587 702 1723 748 striae

104 772 341 831 plicaeque
374 770 725 816 innumerabiles
761 771 926 814 nullam
965 770 1008 813 in
1051 770 1249 814 decursu
1285 784 1369 815 suo
1406 770 1608 829 regulam
1646 784 1722 815 se-

105 845 312 898 quuntur,
359 839 511 883 massa
548 844 638 882 tum
677 852 759 898 per
794 837 1129 896 longitudinem,
1166 843 1259 881 tum
1291 851 1375 897 per
1410 844 1723 883 transversum

108 912 184 951 aut
218 906 400 964 oblique
427 905 594 949 striata.

241 973 472 1031 Utrimque
508 971 566 1015 ad
598 971 874 1015 exteriorem
905 985 1086 1015 massae
1112 971 1323 1016 cinereae
1349 971 1531 1016 limitem
1560 985 1721 1016 versus

104 1039 291 1084 cellulae
327 1052 526 1083 nerveae
562 1051 778 1095 magnae,
829 1038 1137 1082 colunmarum
1179 1037 1237 1082 ad
1276 1039 1419 1082 instar
1458 1038 1720 1097 dispositae,

104 1112 336 1165 apparent.
402 1106 486 1149 llic
532 1119 717 1164 qnoque
752 1105 938 1149 cellulae
981 1110 1027 1148 et
1061 1103 1235 1149 eisdem
1282 1104 1642 1150 dimensionibus
1678 1111 1724 1149 et

104 1172 266 1218 eadem
303 1173 446 1217 forma
485 1178 588 1216 sunt
630 1178 766 1232 atque
802 1172 845 1215 in
890 1177 1128 1230 segmento
1179 1178 1455 1217 transverso.
1522 1173 1722 1225 Quarum

104 1240 350 1300 pleraeque
400 1239 662 1297 triangulari
706 1240 851 1284 forma
900 1238 1133 1298 praeditae
1176 1238 1408 1299 cylindros
1444 1245 1538 1283 tres
1571 1238 1723 1284 dimit-

104 1313 221 1361 tunt3
261 1320 586 1366 nonnunquam
621 1313 772 1351 tamon
804 1320 893 1351 non
928 1305 1068 1351 defuit
1104 1307 1298 1359 occasiO,
1342 1312 1554 1365 quattuor
1587 1306 1722 1351 etiam

105 1374 383 1419 observandi
437 1388 706 1434 processus,
755 1374 880 1419 simul
927 1387 985 1418 ex
1027 1387 1116 1418 uua
1158 1375 1315 1418 cellula
1355 1373 1586 1419 oriundos.
1652 1373 1722 1418 Ad

104 1442 375 1501 positionem
413 1441 537 1501 quod
577 1441 753 1495 attinet,
803 1442 1039 1485 multarum
1079 1442 1337 1486 cellularum
1375 1442 1566 1499 angulus
1605 1455 1722 1486 unus

104 1508 163 1553 ad
196 1515 373 1569 partem
410 1509 667 1553 inferiorern
694 1506 785 1568 1⁷),
825 1509 939 1552 alter
973 1508 1134 1552 lineam
1173 1508 1368 1553 mediam
1406 1522 1589 1561 versus,
1627 1514 1722 1552 ter—

106 1575 193 1621 tius
228 1575 286 1621 ad
320 1576 550 1620 exteriora
588 1582 774 1636 spectat,
824 1575 1047 1620 interdum
1088 1582 1236 1620 tamen
1278 1582 1323 1620 ct.
1354 1575 1451 1621 aliis
1484 1575 1722 1635 positioni-

102 1643 189 1688 bus
238 1642 579 1687 animadversis.
653 1642 826 1695 Quodsi
865 1656 1164 1702 processuum
1209 1643 1398 1688 directio
1434 1657 1526 1688 non
1573 1643 1721 1687 statim

104 1710 162 1754 ab
188 1710 312 1755 initio
339 1710 455 1755 haec
490 1715 571 1764 est,
607 1715 754 1755 tamen
790 1711 923 1769 paulo
960 1717 1066 1769 post
1099 1725 1201 1755 eum
1236 1711 1279 1754 in
1304 1710 1489 1755 modum
1514 1715 1722 1764 mutatur,

101 1782 150 1822 ut
199 1792 316 1823 unus
364 1776 668 1836 cylindrorum
718 1776 968 1822 directione
1019 1784 1089 1822 sat
1135 1778 1402 1822 liorizontali
1449 1777 1508 1822 ad
1560 1777 1723 1821 lineam

102 1843 320 1898 mediam,
377 1845 489 1889 alter
539 1843 788 1889 directione
835 1845 1063 1889 contraria
1112 1844 1170 1889 ad
1223 1844 1522 1889 substantiam
1572 1844 1723 1888 albam

101 1910 269 1965 tendat,
305 1925 499 1970 eamque
525 1917 763 1971 postquam
791 1917 1030 1956 assecutus
1063 1918 1145 1963 est,
1179 1912 1474 1956 transversim
1500 1916 1722 1971 penetret.

100 1979 294 2038 Saepius
322 1984 459 2038 atque
496 1979 842 2037 exspectatione
875 1979 1039 2022 clarius
1071 1978 1323 2038 cylindrum
1356 1979 1535 2023 tertium
1560 1992 1723 2023 arcua—

101 2046 177 2089 tim
212 2045 272 2090 ad
308 2052 481 2105 partem
516 2052 753 2090 externam
788 2060 1058 2104 sursumque
1091 2059 1255 2090 versus
1289 2045 1461 2105 porrigi
1494 2045 1720 2099 videbam,

102 2126 193 2171 quo
218 2113 348 2166 facto,
376 2111 760 2172 quemadmodum
792 2113 836 2156 in
868 2111 941 2171 fig.
968 2113 1023 2157 111
1054 2113 1097 2157 in
1129 2112 1451 2157 dissertatione
1476 2109 1557 2156 Dris
1587 2112 1722 2155 Ows-

88 2179 349 2236 jannikoff
374 2180 611 2240 proposita
647 2180 884 2234 cernimus,
924 2180 1206 2225 substantiae
1239 2180 1371 2225 albae
1410 2178 1537 2224 fibris
1573 2180 1722 2238 longi-

103 2245 377 2291 tudinalibus
416 2247 643 2291 immixtus
682 2261 860 2291 sursum
894 2245 1142 2291 adscendit.
1211 2246 1296 2299 Qui
1327 2246 1578 2305 cylindrus,
1614 2246 1720 2291 dum

104 2313 350 2372 separatim
382 2314 426 2356 in
457 2327 608 2357 massa
642 2314 823 2357 cinerea
853 2312 1062 2367 decurrit,
1097 2313 1247 2358 nudus
1272 2314 1518 2372 coloreque
1544 2314 1721 2362 intense

103 2379 224 2424 ssavo
272 2380 437 2424 tinctus
479 2386 680 2439 apparet.
759 2380 1036 2438 Simulatque
1080 2386 1230 2424 autern
1278 2380 1394 2424 inter
1439 2380 1721 2424 substantiae

105 2447 236 2491 albae
270 2445 412 2491 fibras
446 2447 562 2491 latas
596 2445 890 2490 medullarem
926 2446 1158 2491 materiam
1208 2448 1493 2491 continentes
1528 2446 1719 2501 intravit,

103 2513 299 2558 medulla
340 2513 460 2558 haud
493 2514 734 2573 perspicua
771 2513 1057 2570 circumjecta
1091 2527 1117 2557 e
1156 2519 1404 2573 conspectu
1444 2512 1720 2558 subducitur.

103 2580 280 2626 Etenim
311 2580 388 2626 vix
422 2587 504 2634 est,
542 2580 666 2640 quod
698 2579 1035 2634 admoneamus,
1072 2580 1203 2625 acido
1236 2580 1467 2625 chromico
1502 2578 1722 2625 fibrarum

106 2648 296 2693 latarum
329 2646 573 2693 medullam
617 2647 746 2692 brevi
783 2653 990 2708 tempore
1044 2648 1293 2706 coagulari,
1340 2649 1401 2693 uti
1438 2647 1610 2702 dicunt,
1648 2647 1721 2692 vel

104 2715 256 2774 potius
289 2728 481 2775 opacam
515 2713 624 2759 fieri.

200 2894 264 2939 17)
314 2896 492 2940 Nimirum,
527 2896 642 2935 aliqua
683 2895 859 2935 diligentia
884 2895 1055 2939 adhibita,
1089 2906 1154 2929 non
1194 2897 1332 2930 difficile
1358 2901 1431 2940 est,
1466 2901 1501 2930 et
1527 2901 1605 2931 dum
1643 2908 1721 2937 seg-

107 2956 254 2986 mentum
304 2953 545 2993 longitudinale
576 2958 710 2996 pai-atur
750 2958 783 2987 et
807 2958 924 2994 postea
968 2958 1056 2987 certo
1105 2959 1303 2995 observare,
1341 2954 1398 2995 qui
1430 2954 1508 2991 finis
1548 2959 1591 2990 aa
1630 2966 1720 2991 cero-

108 3015 202 3047 Μαίη
224 3014 353 3052 vergat,
