1991 3270
707 243 1042 288 ...54-

8 372 13 377 ’
72 377 256 430 bentur,
289 374 496 419 nimirum
530 371 651 418 filum
686 374 936 428 terminale,
983 380 1073 419 tum
1110 376 1153 419 in
1190 374 1313 420 ranis
1348 379 1440 420 tum
1473 375 1519 419 in
1553 374 1679 421 cani-

68 443 155 488 bus
188 447 500 502 perscrutatus
532 455 642 494 sum,
677 441 822 499 magis
855 441 1000 496 etiam,
1036 448 1084 486 ut
1117 442 1161 486 in
1195 442 1419 487 sententia
1443 455 1545 487 mea
1570 456 1679 502 per-

66 523 286 563 maneam,
313 508 529 554 adducor.
579 507 723 561 Quin
755 508 921 553 immo
957 522 1160 567 cogor,
1198 515 1255 554 ut
1286 508 1579 566 ejusmodi
1612 509 1679 554 fi-

66 577 203 621 bras
236 576 522 621 elementa
559 588 696 620 esse
735 581 1008 634 respectu
1040 575 1484 635 morphologico
1510 590 1537 621 a
1562 576 1680 622 tela

67 642 465 700 conjunctiva
511 641 753 686 informi
795 641 1135 687 differentia
1174 643 1405 687 omnino
1448 644 1687 701 negeml

65 734 131 742 —-
182 711 297 754 Nam
342 709 439 754 sive
479 722 678 753 massam
734 715 963 753 recentem
1004 710 1099 754 sive
1148 723 1230 769 per
1280 710 1450 769 aliquot
1493 708 1593 755 dies
1633 710 1680 754 in

69 775 201 822 acido
238 776 411 821 acetico
439 781 667 821 servatam
701 789 783 820 seu
814 775 944 821 acido
971 776 1202 821 chromico
1228 782 1546 836 praeparatam
1571 790 1680 837 per-

67 844 260 889 lustrare
291 842 526 902 fibrasque
568 839 823 887 distrahere
869 850 1061 888 conatus
1104 857 1251 897 eram,
1297 858 1527 903 nunquam
1572 843 1680 888 mihi

66 911 274 969 contigit,
312 916 358 955 ut
401 910 505 955 talia
543 910 768 953 elementa
804 909 1123 965 observarem,
1171 910 1338 956 nedum
1375 911 1678 969 sejungerem,

65 991 182 1037 quae
218 983 295 1023 aut
340 976 571 1022 latitudine
614 977 687 1020 vel
726 977 950 1035 paululum
997 978 1113 1021 inter
1157 992 1206 1022 se
1251 983 1560 1036 congruerent
1602 983 1681 1023 aut

64 1058 148 1104 per
187 1044 379 1104 spatium
426 1043 605 1101 longius
643 1042 805 1087 limites
843 1043 1055 1088 laterales
1092 1045 1333 1103 parallelos
1368 1044 1678 1090 ostenderent.

68 1111 167 1164 Qua
204 1111 251 1155 in
285 1124 334 1155 re
368 1109 472 1154 licet
519 1115 565 1153 et
610 1107 782 1167 figuras
819 1108 1018 1155 fibrosas
1057 1117 1150 1156 tum
1195 1110 1240 1154 in
1276 1112 1559 1170 praeparatis
1603 1125 1680 1156 re-

64 1177 272 1223 centibus
303 1183 396 1222 tum
442 1177 486 1220 in
530 1175 766 1221 obduratis
810 1178 1057 1236 permultas
1094 1178 1408 1237 conspicerem
1443 1179 1680 1237 lineasque

65 1246 109 1289 in
145 1258 304 1290 omnes
352 1244 566 1302 regiones
604 1242 795 1288 diffundi
831 1258 1088 1298 cernerem,
1131 1252 1284 1290 tamen
1333 1259 1425 1290 non
1469 1259 1680 1305 quaeque

65 1312 183 1357 linea
213 1310 429 1356 fibrarum
464 1311 645 1354 limitem
682 1309 922 1355 indicabat.
990 1312 1114 1365 Nam,
1152 1312 1225 1357 vel
1261 1322 1427 1371 pressu
1462 1312 1521 1357 ad
1550 1312 1680 1357 lami-

65 1392 165 1424 nam
203 1384 520 1438 praeparatum
557 1383 786 1436 tegentem
825 1377 1051 1433 exhibito,
1091 1379 1164 1423 vel
1200 1384 1474 1439 praeparato
1510 1385 1676 1434 tracto,

67 1446 286 1490 linearum
334 1444 583 1489 directione
630 1445 858 1504 extemplo
902 1452 1174 1490 commutata
1222 1446 1336 1491 aliae
1382 1453 1677 1501 evanuerunt,

65 1513 178 1558 aliae
214 1513 403 1572 primum
439 1512 483 1555 in
515 1518 812 1571 conspectum
844 1519 1091 1566 venerunt,
1138 1512 1335 1573 denique
1368 1514 1535 1558 nullum
1565 1513 1680 1559 ade-

65 1586 136 1624 rat
177 1579 375 1638 signum,
421 1592 481 1623 ex
519 1592 609 1638 quo
657 1585 806 1623 certas
852 1580 1022 1625 formas
1065 1580 1108 1623 in
1154 1594 1355 1626 massam
1392 1580 1680 1641 aequabilem

62 1646 300 1692 immersas
333 1646 475 1691 oculis
505 1646 745 1691 obversari
784 1652 970 1706 pateret.
1039 1648 1198 1707 Neque
1236 1648 1423 1692 meliore
1461 1662 1681 1694 successu

64 1713 149 1759 alia
196 1720 326 1759 erant
374 1712 687 1773 experimenta
733 1714 886 1758 massa
936 1712 980 1758 in
1023 1713 1163 1759 fibras
1213 1714 1509 1761 distrahenda
1548 1717 1678 1761 facta.

62 1781 268 1840 Namque
302 1780 488 1834 etiamsi,
525 1795 660 1840 quum
698 1780 952 1826 substantia
986 1781 1167 1826 cinerea
1199 1781 1242 1825 in
1277 1783 1560 1841 praeparatis
1592 1782 1680 1828 du-

64 1848 174 1893 ratis
222 1848 295 1893 vel
347 1847 520 1892 acubus
568 1846 785 1892 distracta
828 1848 902 1892 vel
948 1862 1109 1908 pressa
1153 1848 1451 1904 dilaberetur,
1504 1851 1680 1896 formae

62 1914 258 1960 maxime
293 1914 448 1959 variae
479 1913 584 1958 inde
610 1920 801 1959 exortae
839 1921 954 1968 sunt,
988 1941 1054 1949 --
1086 1916 1208 1959 velut
1242 1914 1385 1961 fibrae
1418 1930 1538 1962 nunc
1567 1917 1680 1963 bre*

61 1981 217 2028 viores
255 1995 374 2026 nunc
407 1981 662 2039 longiores,
700 1995 819 2026 nunc
855 1982 1039 2027 latiores
1074 1996 1194 2027 nunc
1231 1983 1534 2037 tenuissimae,
1568 1984 1680 2029 laci-

61 2047 254 2108 uiaeque
294 2047 628 2102 subrotundae,
677 2047 979 2094 denticulatae
1016 2075 1102 2104 —‚
1140 2056 1292 2094 tamen
1330 2065 1560 2110 nunquam
1597 2064 1680 2096 co-

62 2116 234 2174 gnitum
269 2122 350 2169 est,
388 2129 488 2160 eam
523 2114 821 2160 substantiam
861 2115 1110 2161 secundum
1149 2117 1302 2171 lineas,
1337 2117 1503 2177 quibus
1538 2118 1680 2176 traJ'e-

63 2189 134 2226 cta
168 2188 290 2236 erat,
325 2181 512 2227 distrahi
545 2189 681 2241 atque
717 2181 889 2227 diffindi
930 2197 1082 2242 posse.
1149 2183 1220 2228 Ad
1254 2184 1513 2241 hujusmodi
1547 2185 1680 2231 inve-

63 2248 332 2308 stigationes
377 2248 499 2293 filum
543 2247 776 2294 terminale
825 2263 852 2293 a
900 2263 1013 2294 rana
1052 2250 1237 2309 petitum
1284 2258 1421 2310 atque
1466 2252 1511 2296 in
1545 2252 1678 2299 acido

63 2315 238 2360 acetico
272 2322 556 2361 asservatum
591 2315 784 2359 maxime
822 2315 1032 2361 idoneum
1069 2317 1276 2362 cernitur.
1347 2318 1396 2362 In
1434 2317 1523 2364 hoc
1558 2320 1679 2366 enim

64 2382 318 2428 substantia
353 2382 607 2440 gelatinosa
642 2382 825 2426 omnino
858 2384 1070 2441 aequalis,
1107 2383 1150 2427 in
1183 2398 1273 2443 qua
1304 2384 1444 2430 modo
1481 2385 1677 2433 caudata

62 2450 180 2495 telae
215 2448 529 2507 conjunctivae
571 2449 842 2508 corpuscula
886 2448 1122 2509 fibraeque
1167 2450 1378 2497 elasticae
1419 2452 1574 2497 formis
1605 2453 1678 2497 di-

64 2516 237 2562 stinctis
276 2514 701 2575 deprehenduntur,
746 2515 791 2558 in
835 2523 1130 2576 conspectum
1170 2517 1312 2563 datur.
1394 2519 1485 2579 Has
1533 2517 1676 2567 fibras

62 2583 273 2628 elasticas
306 2596 446 2642 saepe
479 2581 735 2636 „fibrarum
767 2596 1038 2629 nervearum
1064 2585 1427 2631 tenuissimarum
1452 2585 1675 2634 diametro

63 2648 540 2705 0,0008''‘-0‚0004¹‘'
555 2649 887 2710 praeditarum“
914 2651 1112 2711 speciem
1138 2652 1386 2707 simulasse,
1408 2653 1676 2714 illarumque

61 2731 146 2777 pro
196 2717 267 2762 his
314 2717 578 2763 mensiones
628 2717 852 2763 institutas
903 2731 1009 2764 esse
1061 2719 1459 2778 persuasissimum
1507 2719 1673 2768 habeo,

63 2784 272 2830 Ceterum
313 2784 358 2829 in
398 2784 486 2829 hac
524 2783 793 2844 quaestione
835 2799 1018 2845 quoque
1064 2785 1169 2830 illud
1212 2784 1525 2832 confirmatum
1566 2788 1671 2846 vidi,

61 2851 186 2911 quod
226 2852 428 2897 virorum
470 2850 709 2897 doctorum
754 2852 1071 2897 controversia
1113 2852 1171 2898 de
1218 2852 1507 2912 homogenea
1553 2856 1672 2902 telae

62 2917 376 2975 conjunctivae
410 2924 572 2964 natura
615 2924 706 2963 tam
741 2916 904 2963 acriter
940 2919 1108 2978 agitata
1143 2919 1372 2980 hodieque
1410 2920 1578 2967 sensim
1611 2923 1672 2969 ad

61 2983 198 3032 finem
232 2985 452 3032 inclinans
481 2984 705 3047 probavit,
738 2983 880 3032 fibras
909 2986 1092 3034 fortuito
1122 2986 1168 3034 in
1201 2988 1520 3049 praeparando
1544 2996 1669 3036 ortas

1345 3072 1392 3108 ,μ’-4
