<?xml version="1.0" encoding="UTF-8"?>
<!DOCTYPE html PUBLIC "-//W3C//DTD XHTML 1.0 Transitional//EN"
    "http://www.w3.org/TR/xhtml1/DTD/xhtml1-transitional.dtd">
<html xmlns="http://www.w3.org/1999/xhtml" xml:lang="en" lang="en">
 <head>
  <title>
</title>
<meta http-equiv="Content-Type" content="text/html;charset=utf-8" />
  <meta name='ocr-system' content='tesseract 3.04.00' />
  <meta name='ocr-capabilities' content='ocr_page ocr_carea ocr_par ocr_line ocrx_word'/>
</head>
<body>
  <div class='ocr_page' id='page_1' title='image "./demedullaespinal00kupf_0034.png"; bbox 0 0 1991 3270; ppageno 0'>
   <div class='ocr_carea' id='block_1_1' title="bbox 201 335 1828 530">
    <p class='ocr_par' dir='ltr' id='par_1_1' title="bbox 201 335 1828 530">
     <span class='ocr_line' id='line_1_1' title="bbox 202 335 1826 396; baseline 0.002 -16"><span class='ocrx_word' id='word_1_1' title='bbox 202 335 311 382; x_wconf 90' lang='lat' dir='ltr'>tudo</span> <span class='ocrx_word' id='word_1_2' title='bbox 344 335 622 381; x_wconf 78' lang='lat' dir='ltr'>decrescens</span> <span class='ocrx_word' id='word_1_3' title='bbox 656 342 793 396; x_wconf 88' lang='lat' dir='ltr'>atque</span> <span class='ocrx_word' id='word_1_4' title='bbox 841 336 1113 396; x_wconf 83' lang='lat' dir='ltr'>corpuscula</span> <span class='ocrx_word' id='word_1_5' title='bbox 1161 336 1411 394; x_wconf 75' lang='lat' dir='ltr'>sanguinea</span> <span class='ocrx_word' id='word_1_6' title='bbox 1460 338 1659 396; x_wconf 82' lang='lat' dir='ltr'>singula,</span> <span class='ocrx_word' id='word_1_7' title='bbox 1707 338 1826 383; x_wconf 89' lang='lat' dir='ltr'>intus</span> 
     </span>
     <span class='ocr_line' id='line_1_2' title="bbox 201 402 1828 463; baseline 0.001 -15"><span class='ocrx_word' id='word_1_8' title='bbox 201 404 368 457; x_wconf 89' lang='lat' dir='ltr'>relicta,</span> <span class='ocrx_word' id='word_1_9' title='bbox 406 403 674 463; x_wconf 87' lang='lat' dir='ltr'>praesertim</span> <span class='ocrx_word' id='word_1_10' title='bbox 710 410 861 449; x_wconf 86' lang='lat' dir='ltr'>tamen</span> <span class='ocrx_word' id='word_1_11' title='bbox 901 403 1056 448; x_wconf 84' lang='lat' dir='ltr'>ramuli</span> <span class='ocrx_word' id='word_1_12' title='bbox 1101 402 1274 448; x_wconf 83' lang='lat' dir='ltr'>dimissi</span> <span class='ocrx_word' id='word_1_13' title='bbox 1311 402 1371 448; x_wconf 85' lang='lat' dir='ltr'>ad</span> <span class='ocrx_word' id='word_1_14' title='bbox 1403 418 1485 450; x_wconf 72' lang='lat' dir='ltr'>vas</span> <span class='ocrx_word' id='word_1_15' title='bbox 1521 404 1828 463; x_wconf 80' lang='lat' dir='ltr'>sanguiferum</span> 
     </span>
     <span class='ocr_line' id='line_1_3' title="bbox 201 470 966 530; baseline -0.001 -14"><span class='ocrx_word' id='word_1_16' title='bbox 201 470 577 530; x_wconf 81' lang='lat' dir='ltr'>cognoscendum</span> <span class='ocrx_word' id='word_1_17' title='bbox 617 484 702 515; x_wconf 89' lang='lat' dir='ltr'>nos</span> <span class='ocrx_word' id='word_1_18' title='bbox 739 470 966 528; x_wconf 82' lang='lat' dir='ltr'>adjuvant.</span> 
     </span>
    </p>
   </div>
   <div class='ocr_carea' id='block_1_2' title="bbox 327 668 1704 747">
    <p class='ocr_par' dir='ltr' id='par_1_2' title="bbox 327 668 1704 747">
     <span class='ocr_line' id='line_1_4' title="bbox 327 668 1704 747; baseline -0.001 -15"><span class='ocrx_word' id='word_1_19' title='bbox 327 671 386 732; x_wconf 88' lang='lat' dir='ltr'>B.</span> <span class='ocrx_word' id='word_1_20' title='bbox 458 668 707 747; x_wconf 74' lang='lat' dir='ltr'>Segmenti</span> <span class='ocrx_word' id='word_1_21' title='bbox 743 669 1103 746; x_wconf 75' lang='lat' dir='ltr'>longitudinalis</span> <span class='ocrx_word' id='word_1_22' title='bbox 1140 669 1302 745; x_wconf 75' lang='lat' dir='ltr'>imago</span> <span class='ocrx_word' id='word_1_23' title='bbox 1341 669 1704 746; x_wconf 75' lang='lat' dir='ltr'>microseopiea.</span> 
     </span>
    </p>
   </div>
   <div class='ocr_carea' id='block_1_3' title="bbox 198 803 1835 2890">
    <p class='ocr_par' dir='ltr' id='par_1_3' title="bbox 198 803 1835 2281">
     <span class='ocr_line' id='line_1_5' title="bbox 336 803 1833 863; baseline 0.001 -13"><span class='ocrx_word' id='word_1_24' title='bbox 336 807 384 850; x_wconf 93' lang='lat' dir='ltr'>ln</span> <span class='ocrx_word' id='word_1_25' title='bbox 432 805 813 857; x_wconf 77' lang='lat' dir='ltr'>scrutationibus,</span> <span class='ocrx_word' id='word_1_26' title='bbox 864 818 981 863; x_wconf 88' lang='lat' dir='ltr'>quae</span> <span class='ocrx_word' id='word_1_27' title='bbox 1035 803 1137 848; x_wconf 88' lang='lat' dir='ltr'>huic</span> <span class='ocrx_word' id='word_1_28' title='bbox 1187 805 1553 849; x_wconf 77' lang='lat' dir='ltr'>commentationi</span> <span class='ocrx_word' id='word_1_29' title='bbox 1599 807 1833 852; x_wconf 79' lang='lat' dir='ltr'>materiam</span> 
     </span>
     <span class='ocr_line' id='line_1_6' title="bbox 201 871 1832 934; baseline 0.001 -16"><span class='ocrx_word' id='word_1_30' title='bbox 201 873 478 934; x_wconf 81' lang='lat' dir='ltr'>praebuere,</span> <span class='ocrx_word' id='word_1_31' title='bbox 525 874 568 916; x_wconf 90' lang='lat' dir='ltr'>in</span> <span class='ocrx_word' id='word_1_32' title='bbox 614 877 853 931; x_wconf 76' lang='lat' dir='ltr'>segmenta</span> <span class='ocrx_word' id='word_1_33' title='bbox 904 871 1247 929; x_wconf 77' lang='lat' dir='ltr'>longitudinalia</span> <span class='ocrx_word' id='word_1_34' title='bbox 1292 886 1349 916; x_wconf 90' lang='lat' dir='ltr'>eo</span> <span class='ocrx_word' id='word_1_35' title='bbox 1393 872 1590 917; x_wconf 83' lang='lat' dir='ltr'>maxime</span> <span class='ocrx_word' id='word_1_36' title='bbox 1642 874 1832 919; x_wconf 86' lang='lat' dir='ltr'>consilio</span> 
     </span>
     <span class='ocr_line' id='line_1_7' title="bbox 201 938 1833 1000; baseline 0.001 -16"><span class='ocrx_word' id='word_1_37' title='bbox 201 940 462 1000; x_wconf 89' lang='lat' dir='ltr'>inquisitum</span> <span class='ocrx_word' id='word_1_38' title='bbox 493 946 576 994; x_wconf 89' lang='lat' dir='ltr'>est,</span> <span class='ocrx_word' id='word_1_39' title='bbox 614 946 663 984; x_wconf 89' lang='lat' dir='ltr'>ut</span> <span class='ocrx_word' id='word_1_40' title='bbox 702 945 795 984; x_wconf 91' lang='lat' dir='ltr'>tum</span> <span class='ocrx_word' id='word_1_41' title='bbox 832 939 1057 984; x_wconf 83' lang='lat' dir='ltr'>sententia</span> <span class='ocrx_word' id='word_1_42' title='bbox 1093 938 1151 984; x_wconf 91' lang='lat' dir='ltr'>de</span> <span class='ocrx_word' id='word_1_43' title='bbox 1192 939 1379 993; x_wconf 80' lang='lat' dir='ltr'>ratione,</span> <span class='ocrx_word' id='word_1_44' title='bbox 1415 953 1532 999; x_wconf 87' lang='lat' dir='ltr'>quae</span> <span class='ocrx_word' id='word_1_45' title='bbox 1571 940 1688 985; x_wconf 92' lang='lat' dir='ltr'>inter</span> <span class='ocrx_word' id='word_1_46' title='bbox 1721 942 1833 986; x_wconf 89' lang='lat' dir='ltr'>sub—</span> 
     </span>
     <span class='ocr_line' id='line_1_8' title="bbox 202 1006 1833 1067; baseline 0.001 -14"><span class='ocrx_word' id='word_1_47' title='bbox 202 1007 393 1053; x_wconf 85' lang='lat' dir='ltr'>stantiae</span> <span class='ocrx_word' id='word_1_48' title='bbox 447 1008 659 1052; x_wconf 84' lang='lat' dir='ltr'>cinereae</span> <span class='ocrx_word' id='word_1_49' title='bbox 711 1007 897 1052; x_wconf 87' lang='lat' dir='ltr'>cellulas</span> <span class='ocrx_word' id='word_1_50' title='bbox 942 1020 1138 1051; x_wconf 71' lang='lat' dir='ltr'>nerveas</span> <span class='ocrx_word' id='word_1_51' title='bbox 1184 1020 1458 1067; x_wconf 82' lang='lat' dir='ltr'>massaeque</span> <span class='ocrx_word' id='word_1_52' title='bbox 1507 1007 1638 1052; x_wconf 80' lang='lat' dir='ltr'>albae</span> <span class='ocrx_word' id='word_1_53' title='bbox 1691 1006 1833 1054; x_wconf 88' lang='lat' dir='ltr'>fibras</span> 
     </span>
     <span class='ocr_line' id='line_1_9' title="bbox 201 1072 1835 1134; baseline 0.001 -14"><span class='ocrx_word' id='word_1_54' title='bbox 201 1089 400 1120; x_wconf 82' lang='lat' dir='ltr'>nerveas</span> <span class='ocrx_word' id='word_1_55' title='bbox 450 1074 779 1128; x_wconf 76' lang='lat' dir='ltr'>intercederet,</span> <span class='ocrx_word' id='word_1_56' title='bbox 833 1073 877 1117; x_wconf 91' lang='lat' dir='ltr'>in</span> <span class='ocrx_word' id='word_1_57' title='bbox 923 1072 1322 1120; x_wconf 78' lang='lat' dir='ltr'>dissertationibus</span> <span class='ocrx_word' id='word_1_58' title='bbox 1364 1075 1470 1118; x_wconf 79' lang='lat' dir='ltr'>D¹&#39;¹¹¹¹&#39;</span> <span class='ocrx_word' id='word_1_59' title='bbox 1509 1072 1739 1134; x_wconf 70' lang='lat' dir='ltr'>Schilliny</span> <span class='ocrx_word' id='word_1_60' title='bbox 1789 1082 1835 1121; x_wconf 90' lang='lat' dir='ltr'>et</span> 
     </span>
     <span class='ocr_line' id='line_1_10' title="bbox 212 1141 1834 1202; baseline 0.002 -17"><span class='ocrx_word' id='word_1_61' title='bbox 212 1142 572 1199; x_wconf 79' lang='lat' dir='ltr'>Owsjannikoff</span> <span class='ocrx_word' id='word_1_62' title='bbox 603 1142 793 1201; x_wconf 86' lang='lat' dir='ltr'>prolata,</span> <span class='ocrx_word' id='word_1_63' title='bbox 839 1141 1031 1200; x_wconf 87' lang='lat' dir='ltr'>amplius</span> <span class='ocrx_word' id='word_1_64' title='bbox 1068 1142 1368 1187; x_wconf 85' lang='lat' dir='ltr'>illustraretur</span> <span class='ocrx_word' id='word_1_65' title='bbox 1408 1148 1547 1202; x_wconf 90' lang='lat' dir='ltr'>atque</span> <span class='ocrx_word' id='word_1_66' title='bbox 1588 1141 1834 1189; x_wconf 89' lang='lat' dir='ltr'>confirma-</span> 
     </span>
     <span class='ocr_line' id='line_1_11' title="bbox 201 1207 1834 1269; baseline 0.001 -15"><span class='ocrx_word' id='word_1_67' title='bbox 201 1216 337 1264; x_wconf 84' lang='lat' dir='ltr'>retur,</span> <span class='ocrx_word' id='word_1_68' title='bbox 374 1216 490 1263; x_wconf 87' lang='lat' dir='ltr'>tum,</span> <span class='ocrx_word' id='word_1_69' title='bbox 530 1209 567 1254; x_wconf 90' lang='lat' dir='ltr'>si</span> <span class='ocrx_word' id='word_1_70' title='bbox 599 1207 696 1253; x_wconf 87' lang='lat' dir='ltr'>fieri</span> <span class='ocrx_word' id='word_1_71' title='bbox 733 1208 971 1268; x_wconf 86' lang='lat' dir='ltr'>potuisset,</span> <span class='ocrx_word' id='word_1_72' title='bbox 1010 1215 1056 1252; x_wconf 87' lang='lat' dir='ltr'>ct</span> <span class='ocrx_word' id='word_1_73' title='bbox 1088 1209 1217 1268; x_wconf 79' lang='lat' dir='ltr'>plura</span> <span class='ocrx_word' id='word_1_74' title='bbox 1251 1215 1297 1253; x_wconf 88' lang='lat' dir='ltr'>et</span> <span class='ocrx_word' id='word_1_75' title='bbox 1332 1210 1549 1263; x_wconf 75' lang='lat' dir='ltr'>certiora,</span> <span class='ocrx_word' id='word_1_76' title='bbox 1601 1225 1735 1269; x_wconf 90' lang='lat' dir='ltr'>quam</span> <span class='ocrx_word' id='word_1_77' title='bbox 1774 1226 1834 1256; x_wconf 78' lang='lat' dir='ltr'>ex</span> 
     </span>
     <span class='ocr_line' id='line_1_12' title="bbox 203 1275 1831 1336; baseline 0 -13"><span class='ocrx_word' id='word_1_78' title='bbox 203 1277 454 1336; x_wconf 78' lang='lat' dir='ltr'>segmentis</span> <span class='ocrx_word' id='word_1_79' title='bbox 488 1276 769 1321; x_wconf 86' lang='lat' dir='ltr'>transversis</span> <span class='ocrx_word' id='word_1_80' title='bbox 804 1275 1160 1331; x_wconf 87' lang='lat' dir='ltr'>obtinucramus,</span> <span class='ocrx_word' id='word_1_81' title='bbox 1196 1282 1465 1335; x_wconf 75' lang='lat' dir='ltr'>argumenta</span> <span class='ocrx_word' id='word_1_82' title='bbox 1491 1284 1831 1336; x_wconf 88' lang='lat' dir='ltr'>quaererentur,</span> 
     </span>
     <span class='ocr_line' id='line_1_13' title="bbox 201 1343 1832 1404; baseline 0.001 -15"><span class='ocrx_word' id='word_1_83' title='bbox 201 1359 261 1389; x_wconf 83' lang='lat' dir='ltr'>ex</span> <span class='ocrx_word' id='word_1_84' title='bbox 295 1344 462 1404; x_wconf 86' lang='lat' dir='ltr'>quibus</span> <span class='ocrx_word' id='word_1_85' title='bbox 514 1344 699 1388; x_wconf 90' lang='lat' dir='ltr'>cellulas</span> <span class='ocrx_word' id='word_1_86' title='bbox 749 1357 948 1388; x_wconf 80' lang='lat' dir='ltr'>nerveas</span> <span class='ocrx_word' id='word_1_87' title='bbox 996 1357 1085 1403; x_wconf 87' lang='lat' dir='ltr'>ope</span> <span class='ocrx_word' id='word_1_88' title='bbox 1134 1344 1234 1389; x_wconf 79' lang='lat' dir='ltr'>axis</span> <span class='ocrx_word' id='word_1_89' title='bbox 1277 1343 1585 1404; x_wconf 61' lang='lat' dir='ltr'>cylindrorum</span> <span class='ocrx_word' id='word_1_90' title='bbox 1624 1345 1739 1390; x_wconf 89' lang='lat' dir='ltr'>inter</span> <span class='ocrx_word' id='word_1_91' title='bbox 1783 1361 1832 1391; x_wconf 90' lang='lat' dir='ltr'>se</span> 
     </span>
     <span class='ocr_line' id='line_1_14' title="bbox 202 1410 1833 1472; baseline 0.001 -15"><span class='ocrx_word' id='word_1_92' title='bbox 202 1413 539 1457; x_wconf 86' lang='lat' dir='ltr'>communicare</span> <span class='ocrx_word' id='word_1_93' title='bbox 572 1416 944 1470; x_wconf 80' lang='lat' dir='ltr'>cognosceretur.</span> <span class='ocrx_word' id='word_1_94' title='bbox 974 1435 1035 1443; x_wconf 93' lang='lat'>—-</span> <span class='ocrx_word' id='word_1_95' title='bbox 1062 1410 1132 1456; x_wconf 84' lang='lat' dir='ltr'>Ad</span> <span class='ocrx_word' id='word_1_96' title='bbox 1167 1411 1303 1456; x_wconf 74' lang='lat' dir='ltr'>finem</span> <span class='ocrx_word' id='word_1_97' title='bbox 1340 1412 1625 1472; x_wconf 88' lang='lat' dir='ltr'>propositum</span> <span class='ocrx_word' id='word_1_98' title='bbox 1675 1419 1833 1472; x_wconf 86' lang='lat' dir='ltr'>poste-</span> 
     </span>
     <span class='ocr_line' id='line_1_15' title="bbox 203 1477 1833 1540; baseline -0.001 -15"><span class='ocrx_word' id='word_1_99' title='bbox 203 1481 369 1525; x_wconf 89' lang='lat' dir='ltr'>riorem</span> <span class='ocrx_word' id='word_1_100' title='bbox 405 1479 529 1540; x_wconf 89' lang='lat' dir='ltr'>quod</span> <span class='ocrx_word' id='word_1_101' title='bbox 575 1479 753 1533; x_wconf 85' lang='lat' dir='ltr'>attinet,</span> <span class='ocrx_word' id='word_1_102' title='bbox 807 1477 852 1523; x_wconf 90' lang='lat' dir='ltr'>id</span> <span class='ocrx_word' id='word_1_103' title='bbox 885 1479 1081 1523; x_wconf 73' lang='lat' dir='ltr'>maxime</span> <span class='ocrx_word' id='word_1_104' title='bbox 1121 1479 1350 1538; x_wconf 75' lang='lat' dir='ltr'>agendum</span> <span class='ocrx_word' id='word_1_105' title='bbox 1386 1486 1507 1534; x_wconf 85' lang='lat' dir='ltr'>erat,</span> <span class='ocrx_word' id='word_1_106' title='bbox 1560 1485 1609 1525; x_wconf 89' lang='lat' dir='ltr'>ut</span> <span class='ocrx_word' id='word_1_107' title='bbox 1643 1480 1833 1540; x_wconf 70' lang='lat' dir='ltr'>cylindri</span> 
     </span>
     <span class='ocr_line' id='line_1_16' title="bbox 202 1546 1833 1607; baseline 0.001 -15"><span class='ocrx_word' id='word_1_108' title='bbox 202 1548 360 1592; x_wconf 83' lang='lat' dir='ltr'>nervei</span> <span class='ocrx_word' id='word_1_109' title='bbox 403 1562 463 1591; x_wconf 78' lang='lat' dir='ltr'>ex</span> <span class='ocrx_word' id='word_1_110' title='bbox 506 1546 661 1592; x_wconf 87' lang='lat' dir='ltr'>lateris</span> <span class='ocrx_word' id='word_1_111' title='bbox 703 1546 835 1591; x_wconf 87' lang='lat' dir='ltr'>unius</span> <span class='ocrx_word' id='word_1_112' title='bbox 871 1547 1031 1591; x_wconf 83' lang='lat' dir='ltr'>cellula</span> <span class='ocrx_word' id='word_1_113' title='bbox 1075 1561 1158 1607; x_wconf 89' lang='lat' dir='ltr'>per</span> <span class='ocrx_word' id='word_1_114' title='bbox 1205 1548 1339 1592; x_wconf 87' lang='lat' dir='ltr'>telam</span> <span class='ocrx_word' id='word_1_115' title='bbox 1384 1546 1646 1593; x_wconf 88' lang='lat' dir='ltr'>densiorem</span> <span class='ocrx_word' id='word_1_116' title='bbox 1687 1549 1833 1593; x_wconf 79' lang='lat' dir='ltr'>lIneae</span> 
     </span>
     <span class='ocr_line' id='line_1_17' title="bbox 201 1613 1833 1675; baseline 0.001 -16"><span class='ocrx_word' id='word_1_117' title='bbox 201 1615 379 1661; x_wconf 91' lang='lat' dir='ltr'>mediae</span> <span class='ocrx_word' id='word_1_118' title='bbox 412 1615 455 1659; x_wconf 91' lang='lat' dir='ltr'>in</span> <span class='ocrx_word' id='word_1_119' title='bbox 490 1614 675 1659; x_wconf 88' lang='lat' dir='ltr'>alterius</span> <span class='ocrx_word' id='word_1_120' title='bbox 706 1613 862 1659; x_wconf 90' lang='lat' dir='ltr'>lateris</span> <span class='ocrx_word' id='word_1_121' title='bbox 894 1615 1101 1659; x_wconf 87' lang='lat' dir='ltr'>cellulam</span> <span class='ocrx_word' id='word_1_122' title='bbox 1136 1615 1328 1660; x_wconf 86' lang='lat' dir='ltr'>transire</span> <span class='ocrx_word' id='word_1_123' title='bbox 1363 1621 1671 1670; x_wconf 88' lang='lat' dir='ltr'>cernerentur,</span> <span class='ocrx_word' id='word_1_124' title='bbox 1699 1631 1833 1675; x_wconf 89' lang='lat' dir='ltr'>quem</span> 
     </span>
     <span class='ocr_line' id='line_1_18' title="bbox 202 1681 1833 1742; baseline 0 -14"><span class='ocrx_word' id='word_1_125' title='bbox 202 1683 439 1728; x_wconf 86' lang='lat' dir='ltr'>transitum</span> <span class='ocrx_word' id='word_1_126' title='bbox 477 1683 522 1726; x_wconf 90' lang='lat' dir='ltr'>in</span> <span class='ocrx_word' id='word_1_127' title='bbox 558 1682 759 1742; x_wconf 87' lang='lat' dir='ltr'>piscium.</span> <span class='ocrx_word' id='word_1_128' title='bbox 783 1681 966 1741; x_wconf 87' lang='lat' dir='ltr'>quidem</span> <span class='ocrx_word' id='word_1_129' title='bbox 1002 1681 1200 1727; x_wconf 85' lang='lat' dir='ltr'>medulla</span> <span class='ocrx_word' id='word_1_130' title='bbox 1239 1688 1330 1727; x_wconf 88' lang='lat' dir='ltr'>tam</span> <span class='ocrx_word' id='word_1_131' title='bbox 1364 1682 1493 1727; x_wconf 87' lang='lat' dir='ltr'>facile</span> <span class='ocrx_word' id='word_1_132' title='bbox 1533 1682 1833 1728; x_wconf 84' lang='lat' dir='ltr'>animadverti</span> 
     </span>
     <span class='ocr_line' id='line_1_19' title="bbox 201 1747 1833 1810; baseline 0 -14"><span class='ocrx_word' id='word_1_133' title='bbox 201 1765 342 1810; x_wconf 86' lang='lat' dir='ltr'>posse</span> <span class='ocrx_word' id='word_1_134' title='bbox 379 1751 453 1795; x_wconf 89' lang='lat' dir='ltr'>Dr.</span> <span class='ocrx_word' id='word_1_135' title='bbox 485 1749 843 1806; x_wconf 57' lang='lat' dir='ltr'>qujannikoff</span> <span class='ocrx_word' id='word_1_136' title='bbox 861 1747 940 1810; x_wconf 85' lang='grc'>16)</span> <span class='ocrx_word' id='word_1_137' title='bbox 969 1748 1220 1794; x_wconf 74' lang='lat' dir='ltr'>affirmavit.</span> <span class='ocrx_word' id='word_1_138' title='bbox 1275 1751 1443 1809; x_wconf 87' lang='lat' dir='ltr'>Itaque,</span> <span class='ocrx_word' id='word_1_139' title='bbox 1476 1755 1523 1794; x_wconf 89' lang='lat' dir='ltr'>ut</span> <span class='ocrx_word' id='word_1_140' title='bbox 1555 1750 1651 1795; x_wconf 85' lang='lat' dir='ltr'>aliis</span> <span class='ocrx_word' id='word_1_141' title='bbox 1676 1751 1833 1797; x_wconf 80' lang='lat' dir='ltr'>Verbis</span> 
     </span>
     <span class='ocr_line' id='line_1_20' title="bbox 200 1816 1833 1878; baseline 0 -14"><span class='ocrx_word' id='word_1_142' title='bbox 200 1824 313 1872; x_wconf 89' lang='lat' dir='ltr'>utar,</span> <span class='ocrx_word' id='word_1_143' title='bbox 348 1816 539 1878; x_wconf 64' lang='lat' dir='ltr'>cylindri</span> <span class='ocrx_word' id='word_1_144' title='bbox 571 1817 918 1862; x_wconf 85' lang='lat' dir='ltr'>commissuram</span> <span class='ocrx_word' id='word_1_145' title='bbox 950 1817 1226 1861; x_wconf 87' lang='lat' dir='ltr'>anteriorem</span> <span class='ocrx_word' id='word_1_146' title='bbox 1259 1817 1578 1863; x_wconf 87' lang='lat' dir='ltr'>constituentis</span> <span class='ocrx_word' id='word_1_147' title='bbox 1609 1817 1833 1864; x_wconf 85' lang='lat' dir='ltr'>decursus</span> 
     </span>
     <span class='ocr_line' id='line_1_21' title="bbox 200 1884 1832 1944; baseline -0.001 -13"><span class='ocrx_word' id='word_1_148' title='bbox 200 1886 442 1931; x_wconf 90' lang='lat' dir='ltr'>continuus</span> <span class='ocrx_word' id='word_1_149' title='bbox 497 1884 603 1929; x_wconf 90' lang='lat' dir='ltr'>mihi</span> <span class='ocrx_word' id='word_1_150' title='bbox 657 1885 701 1928; x_wconf 91' lang='lat' dir='ltr'>in</span> <span class='ocrx_word' id='word_1_151' title='bbox 753 1884 1040 1944; x_wconf 82' lang='lat' dir='ltr'>praeparatis</span> <span class='ocrx_word' id='word_1_152' title='bbox 1091 1884 1381 1943; x_wconf 74' lang='lat' dir='ltr'>indagandus</span> <span class='ocrx_word' id='word_1_153' title='bbox 1429 1891 1538 1930; x_wconf 87' lang='lat' dir='ltr'>erat.</span> <span class='ocrx_word' id='word_1_154' title='bbox 1625 1885 1746 1940; x_wconf 75' lang='lat' dir='ltr'>Qua&#39;</span> <span class='ocrx_word' id='word_1_155' title='bbox 1773 1885 1832 1931; x_wconf 88' lang='lat' dir='ltr'>de</span> 
     </span>
     <span class='ocr_line' id='line_1_22' title="bbox 200 1951 1831 2011; baseline -0.001 -12"><span class='ocrx_word' id='word_1_156' title='bbox 200 1968 340 1999; x_wconf 87' lang='lat' dir='ltr'>causa</span> <span class='ocrx_word' id='word_1_157' title='bbox 374 1958 615 2011; x_wconf 78' lang='lat' dir='ltr'>segmenta</span> <span class='ocrx_word' id='word_1_158' title='bbox 651 1966 755 1996; x_wconf 87' lang='lat' dir='ltr'>eum</span> <span class='ocrx_word' id='word_1_159' title='bbox 796 1953 838 1996; x_wconf 89' lang='lat' dir='ltr'>in</span> <span class='ocrx_word' id='word_1_160' title='bbox 877 1951 1060 1997; x_wconf 88' lang='lat' dir='ltr'>modum</span> <span class='ocrx_word' id='word_1_161' title='bbox 1097 1959 1227 1997; x_wconf 89' lang='lat' dir='ltr'>erant</span> <span class='ocrx_word' id='word_1_162' title='bbox 1262 1952 1550 2007; x_wconf 90' lang='lat' dir='ltr'>instituenda,</span> <span class='ocrx_word' id='word_1_163' title='bbox 1592 1959 1640 1998; x_wconf 89' lang='lat' dir='ltr'>ut</span> <span class='ocrx_word' id='word_1_164' title='bbox 1673 1967 1831 1998; x_wconf 86' lang='lat' dir='ltr'>eorum</span> 
     </span>
     <span class='ocr_line' id='line_1_23' title="bbox 199 2019 1831 2081; baseline 0.001 -16"><span class='ocrx_word' id='word_1_165' title='bbox 199 2022 396 2081; x_wconf 86' lang='lat' dir='ltr'>planum,</span> <span class='ocrx_word' id='word_1_166' title='bbox 431 2034 567 2079; x_wconf 86' lang='lat' dir='ltr'>quam</span> <span class='ocrx_word' id='word_1_167' title='bbox 593 2019 790 2063; x_wconf 79' lang='lat' dir='ltr'>maxime</span> <span class='ocrx_word' id='word_1_168' title='bbox 826 2026 997 2078; x_wconf 84' lang='lat' dir='ltr'>posset,</span> <span class='ocrx_word' id='word_1_169' title='bbox 1035 2020 1272 2078; x_wconf 84' lang='lat' dir='ltr'>planitiem,</span> <span class='ocrx_word' id='word_1_170' title='bbox 1301 2034 1391 2078; x_wconf 90' lang='lat' dir='ltr'>qua</span> <span class='ocrx_word' id='word_1_171' title='bbox 1415 2019 1611 2065; x_wconf 90' lang='lat' dir='ltr'>medulla</span> <span class='ocrx_word' id='word_1_172' title='bbox 1638 2020 1681 2064; x_wconf 94' lang='lat' dir='ltr'>in</span> <span class='ocrx_word' id='word_1_173' title='bbox 1715 2019 1831 2065; x_wconf 88' lang='lat' dir='ltr'>duas</span> 
     </span>
     <span class='ocr_line' id='line_1_24' title="bbox 198 2086 1829 2148; baseline 0 -16"><span class='ocrx_word' id='word_1_174' title='bbox 198 2093 354 2148; x_wconf 88' lang='lat' dir='ltr'>partes</span> <span class='ocrx_word' id='word_1_175' title='bbox 425 2086 740 2146; x_wconf 79' lang='lat' dir='ltr'>symmetricas</span> <span class='ocrx_word' id='word_1_176' title='bbox 801 2086 1040 2140; x_wconf 82' lang='lat' dir='ltr'>dividitur,</span> <span class='ocrx_word' id='word_1_177' title='bbox 1104 2086 1161 2130; x_wconf 89' lang='lat' dir='ltr'>ad</span> <span class='ocrx_word' id='word_1_178' title='bbox 1231 2086 1604 2146; x_wconf 85' lang='lat' dir='ltr'>perpendiculum</span> <span class='ocrx_word' id='word_1_179' title='bbox 1665 2088 1829 2132; x_wconf 86' lang='lat' dir='ltr'>feriret.</span> 
     </span>
     <span class='ocr_line' id='line_1_25' title="bbox 198 2154 1831 2213; baseline 0 -13"><span class='ocrx_word' id='word_1_180' title='bbox 198 2154 466 2213; x_wconf 88' lang='lat' dir='ltr'>Hujusmodi</span> <span class='ocrx_word' id='word_1_181' title='bbox 522 2158 870 2213; x_wconf 87' lang='lat' dir='ltr'>praeparatum,</span> <span class='ocrx_word' id='word_1_182' title='bbox 930 2168 1012 2213; x_wconf 87' lang='lat' dir='ltr'>per</span> <span class='ocrx_word' id='word_1_183' title='bbox 1072 2160 1209 2198; x_wconf 90' lang='lat' dir='ltr'>totam</span> <span class='ocrx_word' id='word_1_184' title='bbox 1266 2154 1492 2199; x_wconf 85' lang='lat' dir='ltr'>medullae</span> <span class='ocrx_word' id='word_1_185' title='bbox 1548 2154 1831 2200; x_wconf 86' lang='lat' dir='ltr'>latitudinem</span> 
     </span>
     <span class='ocr_line' id='line_1_26' title="bbox 200 2220 1226 2281; baseline -0.002 -14"><span class='ocrx_word' id='word_1_186' title='bbox 200 2223 449 2277; x_wconf 84' lang='lat' dir='ltr'>obtentum,</span> <span class='ocrx_word' id='word_1_187' title='bbox 489 2222 623 2267; x_wconf 87' lang='lat' dir='ltr'>talem</span> <span class='ocrx_word' id='word_1_188' title='bbox 661 2220 861 2280; x_wconf 89' lang='lat' dir='ltr'>speciem</span> <span class='ocrx_word' id='word_1_189' title='bbox 900 2235 1009 2281; x_wconf 86' lang='lat' dir='ltr'>prae</span> <span class='ocrx_word' id='word_1_190' title='bbox 1045 2235 1095 2266; x_wconf 90' lang='lat' dir='ltr'>se</span> <span class='ocrx_word' id='word_1_191' title='bbox 1129 2222 1226 2266; x_wconf 84' lang='lat' dir='ltr'>fert.</span> 
     </span>
    </p>

    <p class='ocr_par' dir='ltr' id='par_1_4' title="bbox 198 2287 1829 2890">
     <span class='ocr_line' id='line_1_27' title="bbox 338 2287 1828 2349; baseline 0 -14"><span class='ocrx_word' id='word_1_192' title='bbox 338 2290 518 2335; x_wconf 86' lang='lat' dir='ltr'>Partem</span> <span class='ocrx_word' id='word_1_193' title='bbox 552 2287 751 2333; x_wconf 88' lang='lat' dir='ltr'>mediam</span> <span class='ocrx_word' id='word_1_194' title='bbox 785 2303 937 2333; x_wconf 85' lang='lat' dir='ltr'>massa</span> <span class='ocrx_word' id='word_1_195' title='bbox 975 2290 1157 2333; x_wconf 89' lang='lat' dir='ltr'>cinerea</span> <span class='ocrx_word' id='word_1_196' title='bbox 1194 2288 1381 2343; x_wconf 87' lang='lat' dir='ltr'>obtinet,</span> <span class='ocrx_word' id='word_1_197' title='bbox 1420 2289 1642 2349; x_wconf 83' lang='lat' dir='ltr'>utrimque</span> <span class='ocrx_word' id='word_1_198' title='bbox 1676 2291 1828 2335; x_wconf 77' lang='lat' dir='ltr'>massa</span> 
     </span>
     <span class='ocr_line' id='line_1_28' title="bbox 200 2355 1829 2416; baseline -0.001 -14"><span class='ocrx_word' id='word_1_199' title='bbox 200 2357 351 2403; x_wconf 81' lang='lat' dir='ltr'>albida</span> <span class='ocrx_word' id='word_1_200' title='bbox 384 2358 549 2411; x_wconf 90' lang='lat' dir='ltr'>cincta,</span> <span class='ocrx_word' id='word_1_201' title='bbox 588 2370 725 2416; x_wconf 91' lang='lat' dir='ltr'>quam</span> <span class='ocrx_word' id='word_1_202' title='bbox 767 2369 826 2400; x_wconf 79' lang='lat' dir='ltr'>ex</span> <span class='ocrx_word' id='word_1_203' title='bbox 864 2355 992 2401; x_wconf 79' lang='lat' dir='ltr'>fibris</span> <span class='ocrx_word' id='word_1_204' title='bbox 1028 2356 1147 2410; x_wconf 91' lang='lat' dir='ltr'>latis,</span> <span class='ocrx_word' id='word_1_205' title='bbox 1198 2356 1546 2411; x_wconf 89' lang='lat' dir='ltr'>medullaribus,</span> <span class='ocrx_word' id='word_1_206' title='bbox 1592 2357 1829 2402; x_wconf 90' lang='lat' dir='ltr'>confertim</span> 
     </span>
     <span class='ocr_line' id='line_1_29' title="bbox 199 2423 1829 2485; baseline 0 -16"><span class='ocrx_word' id='word_1_207' title='bbox 199 2440 282 2485; x_wconf 88' lang='lat' dir='ltr'>per</span> <span class='ocrx_word' id='word_1_208' title='bbox 306 2424 636 2483; x_wconf 80' lang='lat' dir='ltr'>longitudinem</span> <span class='ocrx_word' id='word_1_209' title='bbox 671 2423 917 2483; x_wconf 86' lang='lat' dir='ltr'>dispositis,</span> <span class='ocrx_word' id='word_1_210' title='bbox 954 2426 1047 2469; x_wconf 84' lang='lat' dir='ltr'>fere</span> <span class='ocrx_word' id='word_1_211' title='bbox 1083 2438 1264 2484; x_wconf 82' lang='lat' dir='ltr'>semper</span> <span class='ocrx_word' id='word_1_212' title='bbox 1298 2425 1537 2484; x_wconf 87' lang='lat' dir='ltr'>parallelis,</span> <span class='ocrx_word' id='word_1_213' title='bbox 1576 2425 1829 2470; x_wconf 86' lang='lat' dir='ltr'>consistere</span> 
     </span>
     <span class='ocr_line' id='line_1_30' title="bbox 198 2490 1828 2551; baseline -0.001 -14"><span class='ocrx_word' id='word_1_214' title='bbox 198 2493 450 2538; x_wconf 89' lang='lat' dir='ltr'>luculenter</span> <span class='ocrx_word' id='word_1_215' title='bbox 501 2497 703 2551; x_wconf 89' lang='lat' dir='ltr'>apparet.</span> <span class='ocrx_word' id='word_1_216' title='bbox 794 2490 994 2536; x_wconf 87' lang='lat' dir='ltr'>Massam</span> <span class='ocrx_word' id='word_1_217' title='bbox 1049 2492 1279 2537; x_wconf 86' lang='lat' dir='ltr'>cineream</span> <span class='ocrx_word' id='word_1_218' title='bbox 1328 2492 1436 2537; x_wconf 88' lang='lat' dir='ltr'>stria</span> <span class='ocrx_word' id='word_1_219' title='bbox 1490 2494 1619 2538; x_wconf 84' lang='lat' dir='ltr'>fusco</span> <span class='ocrx_word' id='word_1_220' title='bbox 1674 2493 1828 2536; x_wconf 90' lang='lat' dir='ltr'>colore</span> 
     </span>
     <span class='ocr_line' id='line_1_31' title="bbox 199 2558 1828 2619; baseline 0.001 -16"><span class='ocrx_word' id='word_1_221' title='bbox 199 2560 394 2613; x_wconf 86' lang='lat' dir='ltr'>imbuta,</span> <span class='ocrx_word' id='word_1_222' title='bbox 448 2574 585 2618; x_wconf 88' lang='lat' dir='ltr'>quam</span> <span class='ocrx_word' id='word_1_223' title='bbox 635 2572 719 2618; x_wconf 88' lang='lat' dir='ltr'>per</span> <span class='ocrx_word' id='word_1_224' title='bbox 773 2564 922 2609; x_wconf 85' lang='lat' dir='ltr'>totam.</span> <span class='ocrx_word' id='word_1_225' title='bbox 962 2558 1187 2604; x_wconf 84' lang='lat' dir='ltr'>medullae</span> <span class='ocrx_word' id='word_1_226' title='bbox 1236 2559 1563 2618; x_wconf 77' lang='lat' dir='ltr'>longitudinem</span> <span class='ocrx_word' id='word_1_227' title='bbox 1614 2560 1828 2619; x_wconf 89' lang='lat' dir='ltr'>persequi</span> 
     </span>
     <span class='ocr_line' id='line_1_32' title="bbox 199 2625 1827 2687; baseline 0 -16"><span class='ocrx_word' id='word_1_228' title='bbox 199 2633 419 2687; x_wconf 88' lang='lat' dir='ltr'>poteram,</span> <span class='ocrx_word' id='word_1_229' title='bbox 460 2626 505 2670; x_wconf 93' lang='lat' dir='ltr'>in</span> <span class='ocrx_word' id='word_1_230' title='bbox 542 2625 658 2671; x_wconf 89' lang='lat' dir='ltr'>duas</span> <span class='ocrx_word' id='word_1_231' title='bbox 696 2632 851 2685; x_wconf 89' lang='lat' dir='ltr'>partes</span> <span class='ocrx_word' id='word_1_232' title='bbox 885 2626 1104 2687; x_wconf 86' lang='lat' dir='ltr'>aequales</span> <span class='ocrx_word' id='word_1_233' title='bbox 1139 2626 1309 2672; x_wconf 86' lang='lat' dir='ltr'>dividit.</span> <span class='ocrx_word' id='word_1_234' title='bbox 1381 2627 1507 2681; x_wconf 88' lang='lat' dir='ltr'>Quae</span> <span class='ocrx_word' id='word_1_235' title='bbox 1545 2626 1653 2671; x_wconf 90' lang='lat' dir='ltr'>stria</span> <span class='ocrx_word' id='word_1_236' title='bbox 1696 2626 1737 2670; x_wconf 90' lang='lat' dir='ltr'>in</span> <span class='ocrx_word' id='word_1_237' title='bbox 1775 2627 1827 2671; x_wconf 90' lang='lat' dir='ltr'>iis</span> 
     </span>
     <span class='ocr_line' id='line_1_33' title="bbox 201 2694 1827 2753; baseline 0 -14"><span class='ocrx_word' id='word_1_238' title='bbox 201 2694 462 2753; x_wconf 79' lang='lat' dir='ltr'>segmentis,</span> <span class='ocrx_word' id='word_1_239' title='bbox 504 2708 620 2753; x_wconf 89' lang='lat' dir='ltr'>quae</span> <span class='ocrx_word' id='word_1_240' title='bbox 657 2707 740 2752; x_wconf 89' lang='lat' dir='ltr'>per</span> <span class='ocrx_word' id='word_1_241' title='bbox 775 2694 976 2739; x_wconf 87' lang='lat' dir='ltr'>anterius</span> <span class='ocrx_word' id='word_1_242' title='bbox 1008 2694 1233 2739; x_wconf 87' lang='lat' dir='ltr'>medullae</span> <span class='ocrx_word' id='word_1_243' title='bbox 1269 2694 1499 2739; x_wconf 90' lang='lat' dir='ltr'>dimidium</span> <span class='ocrx_word' id='word_1_244' title='bbox 1545 2699 1650 2738; x_wconf 85' lang='lat' dir='ltr'>ante</span> <span class='ocrx_word' id='word_1_245' title='bbox 1689 2708 1827 2739; x_wconf 89' lang='lat' dir='ltr'>caua—</span> 
     </span>
     <span class='ocr_line' id='line_1_34' title="bbox 199 2760 1824 2821; baseline 0.001 -16"><span class='ocrx_word' id='word_1_246' title='bbox 199 2762 379 2807; x_wconf 91' lang='lat' dir='ltr'>liculum</span> <span class='ocrx_word' id='word_1_247' title='bbox 416 2762 664 2806; x_wconf 87' lang='lat' dir='ltr'>centralem</span> <span class='ocrx_word' id='word_1_248' title='bbox 711 2760 913 2806; x_wconf 85' lang='lat' dir='ltr'>instituta</span> <span class='ocrx_word' id='word_1_249' title='bbox 961 2769 1084 2816; x_wconf 86' lang='lat' dir='ltr'>sunt,</span> <span class='ocrx_word' id='word_1_250' title='bbox 1127 2762 1378 2807; x_wconf 84' lang='lat' dir='ltr'>certissime</span> <span class='ocrx_word' id='word_1_251' title='bbox 1414 2761 1616 2821; x_wconf 87' lang='lat' dir='ltr'>conspici</span> <span class='ocrx_word' id='word_1_252' title='bbox 1660 2768 1824 2821; x_wconf 87' lang='lat' dir='ltr'>potest,</span> 
     </span>
     <span class='ocr_line' id='line_1_35' title="bbox 199 2827 1826 2890; baseline 0 -17"><span class='ocrx_word' id='word_1_253' title='bbox 199 2828 397 2889; x_wconf 88' lang='lat' dir='ltr'>ideoque</span> <span class='ocrx_word' id='word_1_254' title='bbox 449 2829 633 2873; x_wconf 90' lang='lat' dir='ltr'>omnino</span> <span class='ocrx_word' id='word_1_255' title='bbox 684 2827 936 2888; x_wconf 77' lang='lat' dir='ltr'>respondet</span> <span class='ocrx_word' id='word_1_256' title='bbox 987 2829 1184 2875; x_wconf 85' lang='lat' dir='ltr'>funiculo</span> <span class='ocrx_word' id='word_1_257' title='bbox 1232 2843 1314 2889; x_wconf 90' lang='lat' dir='ltr'>per</span> <span class='ocrx_word' id='word_1_258' title='bbox 1357 2827 1553 2874; x_wconf 88' lang='lat' dir='ltr'>mediam</span> <span class='ocrx_word' id='word_1_259' title='bbox 1602 2829 1826 2890; x_wconf 81' lang='lat' dir='ltr'>segmenti</span> 
     </span>
    </p>
   </div>
   <div class='ocr_carea' id='block_1_4' title="bbox 293 2978 680 3026">
    <p class='ocr_par' dir='ltr' id='par_1_5' title="bbox 293 2978 680 3026">
     <span class='ocr_line' id='line_1_36' title="bbox 293 2978 680 3026; baseline 0.013 -13"><span class='ocrx_word' id='word_1_260' title='bbox 293 2978 358 3021; x_wconf 81' lang='grc'>16)</span> <span class='ocrx_word' id='word_1_261' title='bbox 408 2984 432 3013; x_wconf 82' lang='lat'>1.</span> <span class='ocrx_word' id='word_1_262' title='bbox 461 2995 492 3019; x_wconf 84' lang='lat' dir='ltr'>c.</span> <span class='ocrx_word' id='word_1_263' title='bbox 517 2994 595 3026; x_wconf 75' lang='lat' dir='ltr'>pag.</span> <span class='ocrx_word' id='word_1_264' title='bbox 623 2983 680 3018; x_wconf 77' lang='lat'>30.</span> 
     </span>
    </p>
   </div>
  </div>
 </body>
</html>
