1991 3270
843 259 1183 307 ..52-

196 408 282 456 pro
317 392 476 440 formis
514 391 820 437 elementariis
862 391 1045 438 habitas
1081 391 1340 451 opinionem
1386 391 1446 438 de
1488 392 1661 440 fibrosa
1709 394 1826 439 telae

196 461 314 508 illius
362 458 696 521 compositione
742 472 1041 519 provocasse.
1106 457 1330 519 Equidem
1378 461 1531 506 faeere
1575 475 1668 506 non
1712 475 1826 521 pos-

198 535 313 583 sum,
349 528 457 588 quin
488 526 758 580 existimem,
794 524 915 571 filum
952 526 1188 572 terminale
1226 540 1367 572 ranae
1393 526 1576 574 adultae
1611 527 1826 589 simplici-

195 603 268 642 ter
292 595 559 642 continuare
593 595 832 640 informem
861 608 1043 640 massae
1076 594 1289 639 cinereae
1318 595 1452 639 telam
1479 596 1824 653 conjunctivam,

196 664 244 710 in
279 678 370 725 qua
404 663 495 708 hoc
532 663 636 708 loco
674 676 732 707 ne
766 661 995 707 minimum
1042 661 1225 721 quidem
1259 662 1591 707 elementorum
1625 677 1825 709 nerveo-

195 747 297 779 rum
328 731 572 790 vestigium
607 729 991 775 animadvertitur.
1064 729 1224 774 Fibras
1251 730 1533 787 gelatinosas
1558 744 1684 785 vero,
1710 745 1825 790 quas

198 798 381 860 quidem
413 803 698 844 scrutatores
718 797 804 843 sibi
830 798 1110 842 observasse
1138 796 1360 851 videntur,
1389 798 1605 857 partim-a
1628 797 1751 843 veris
1771 796 1827 841 fi-

195 866 297 913 bris
316 866 527 920 elastieis,
549 864 709 926 partim
730 880 756 910 a
775 864 903 910 fibris
924 866 1027 924 piae
1046 865 1214 918 matriS,
1246 865 1418 924 partim,
1440 864 1576 925 idque
1595 864 1825 925 imprimis,

198 949 226 981 a
250 934 379 996 plicis
406 934 622 993 rugisque
647 946 830 978 massae
863 932 1149 991 gelatinosae
1182 932 1458 992 repetendas
1483 947 1589 978 esse
1615 932 1824 977 arbitror.

334 1001 459 1056 Quas
491 1000 856 1052 observationes,
891 1008 1115 1059 quatenus
1143 999 1202 1044 ad
1228 998 1369 1045 fibras
1402 1000 1684 1057 gelatinosas
1719 1013 1826 1059 per—

198 1070 384 1124 tineant,
417 1069 518 1127 jure
546 1068 605 1113 ad
639 1067 866 1113 cineream
906 1067 1048 1127 ipsius
1085 1066 1309 1113 medullae
1348 1068 1648 1113 substantiam
1674 1073 1827 1112 trans-

198 1138 318 1192 ferri,
353 1142 490 1196 atque
536 1135 639 1181 huie
677 1149 861 1195 quoque
909 1135 1096 1180 istarum
1141 1136 1386 1180 formarum
1430 1134 1825 1181 elementariarum

200 1204 545 1257 abundantiam,
602 1204 624 1247 i.
660 1217 697 1247 e.
741 1201 957 1247 fibrarum
1009 1216 1281 1247 nei-vearum
1328 1209 1373 1246 et
1415 1202 1614 1248 tenuium
1662 1208 1709 1248 et
1754 1208 1825 1246 te-

199 1271 524 1319 nuissimarum
566 1269 917 1323 multitudinem,
965 1269 1180 1328 derogari
1224 1269 1398 1315 debere
1433 1284 1615 1315 censeo.
1692 1268 1825 1314 Cete—

198 1355 299 1386 rum
332 1339 411 1384 hie
443 1337 647 1383 rationes
681 1338 818 1395 longe
853 1336 998 1395 magis
1032 1338 1312 1397 complicitus
1347 1352 1454 1383 esse
1484 1337 1615 1382 fac-ile
1652 1343 1724 1382 est
1754 1336 1824 1381 in-

198 1408 393 1452 tellectu.
463 1407 577 1451 Nam
613 1404 828 1450 fibrarum
868 1420 921 1450 ae
957 1406 1231 1450 lamellarum
1285 1405 1386 1465 piae
1431 1406 1586 1450 matris
1636 1404 1723 1449 huc
1754 1404 1824 1448 in—

197 1475 413 1537 trantium
450 1480 541 1519 tum
574 1474 719 1531 major
752 1487 969 1518 numerus
1005 1480 1096 1518 tum
1129 1472 1275 1530 major
1317 1473 1573 1526 crassities,
1622 1472 1824 1516 elemen-

198 1549 443 1602 torumque
488 1548 613 1586 eerte
667 1554 942 1586 nervcorum
986 1539 1222 1586 multitudo
1268 1554 1539 1600 permagna,
1586 1539 1824 1599 majorque

199 1623 384 1657 massae
425 1609 639 1654 cinereae
683 1608 887 1654 soliditas
934 1607 1254 1668 impedimenta
1305 1608 1540 1665 objiciunt,
1583 1606 1825 1666 quominus

200 1683 529 1738 cognoscatur,
576 1677 689 1722 alias
741 1677 886 1720 lineas
927 1690 1006 1735 per
1043 1682 1327 1734 segmentum
1356 1675 1624 1735 pellucidum
1659 1673 1825 1719 decur-

200 1752 358 1792 rentes
396 1743 752 1805 haudquaquam
784 1759 808 1788 a
847 1741 972 1788 fibris
1009 1743 1124 1788 inter
1158 1758 1207 1788 se
1250 1743 1525 1803 perplexis„
1556 1741 1638 1787 sed
1673 1741 1825 1802 potius

203 1828 230 1860 a
265 1813 462 1859 diversis
511 1826 694 1858 massae
743 1810 944 1856 intel-mis
996 1811 1121 1869 rugis
1170 1811 1392 1869 originem
1442 1810 1665 1862 traxisse,
1713 1808 1826 1854 alias

200 1880 384 1928 nonnisi
423 1878 564 1925 fibras
597 1879 811 1924 elastieas
839 1885 1102 1938 tractusque
1142 1878 1242 1938 piae
1277 1878 1432 1923 matris
1468 1877 1681 1922 indicare.

341 1947 398 1993 At
429 1954 613 2008 praeter
648 1945 790 1991 fibras
830 1947 1121 2005 gelatinosas‚
1173 1952 1219 1991 ut
1250 1946 1372 1991 multi
1408 1951 1632 1991 testantur
1667 1950 1829 1989 aucto-

201 2031 291 2071 res,
332 2016 376 2060 in
408 2030 562 2061 massa
594 2015 776 2060 cinerea
813 2015 929 2059 aliae
963 2028 1150 2074 quoque
1188 2014 1475 2073 reperiuntur
1511 2012 1676 2065 fibrae,
1712 2011 1829 2055 inter

201 2084 303 2130 illas
334 2082 570 2143 fibrasque
603 2084 718 2127 latas
753 2081 930 2126 albidas
962 2082 1091 2141 quasi
1127 2080 1436 2133 intermediae,
1476 2078 1602 2124 fibris
1633 2078 1733 2123 latis
1758 2076 1828 2122 di-

201 2149 342 2197 midio
381 2156 427 2194 et
476 2151 577 2210 plus
623 2148 888 2198 tenuiores,
927 2162 980 2192 ac
1020 2148 1312 2193 nihilosecius
1347 2146 1598 2200 „limitibus
1651 2143 1829 2191 fuscis“

201 2217 455 2280 praeditae.
523 2216 646 2261 Talia
675 2214 920 2260 Koellilcer
956 2213 1015 2260 de
1049 2214 1273 2260 medullae
1312 2214 1536 2259 humanae
1575 2212 1830 2258 substantia

202 2286 389 2331 cinerea
424 2283 676 2344 tradit49).
761 2285 807 2328 In
840 2283 1140 2328 inanimalium
1175 2282 1369 2327 medulla
1406 2281 1548 2326 fibras
1585 2278 1830 2338 longitudi-

203 2353 334 2400 nales
369 2353 484 2398 latas
514 2350 757 2397 medullam
805 2350 1092 2396 continentes
1127 2364 1153 2396 a
1187 2349 1314 2395 fibris
1352 2350 1392 2394 in
1438 2348 1697 2410 peripheria
1734 2347 1830 2392 sitis

203 2421 312 2467 nihil
345 2420 665 2480 discrepantes
702 2420 744 2463 in
781 2420 986 2477 singulos
1021 2418 1243 2463 funiculos
1276 2418 1492 2463 collectas
1526 2431 1608 2476 per
1632 2428 1829 2460 massam

205 2489 436 2535 cineream
473 2487 733 2541 decurrere,
760 2486 958 2547 quodvis
994 2491 1280 2544 segmentum
1314 2491 1628 2530 transversum
1662 2482 1829 2543 optime

205 2570 293 2602 nos
328 2555 505 2611 edocet.
550 2556 599 2600 In
633 2553 722 2599 hoc
746 2554 866 2600 enim
901 2555 1017 2599 inter
1053 2553 1161 2600 sulci
1195 2553 1437 2598 anterioris
1472 2551 1658 2598 fundum
1690 2562 1830 2595 cana-

204 2625 387 2684 lemque
418 2622 666 2668 centralem
698 2636 785 2667 nec
823 2636 916 2667 non
967 2622 1009 2665 in
1044 2621 1263 2666 cornibus
1300 2619 1487 2681 posticis
1520 2617 1726 2664 maculae
1759 2616 1831 2662 fu—

207 2705 315 2739 scae
355 2688 690 2743 subrotundae,
734 2688 893 2736 insulis
938 2688 1127 2743 similes,
1174 2702 1293 2749 quae
1340 2686 1567 2734 fasciculis
1617 2683 1830 2730 dissectis

208 2765 338 2806 ortae
386 2764 511 2812 sunt,
552 2756 902 2817 conspiciuntur.
973 2755 1102 2809 Quae
1153 2756 1267 2801 ratio
1320 2761 1470 2800 tamen
1514 2754 1558 2798 in
1605 2750 1830 2798 medullae

207 2839 424 2873 ranarum
446 2839 603 2871 massa
627 2824 812 2870 cinerea
847 2836 994 2884 usque
1020 2823 1079 2869 ad
1103 2823 1348 2869 medullam
1373 2821 1671 2879 oblongatam
1694 2831 1830 2880 pror-

210 2909 290 2942 sus
323 2893 467 2941 deest.
539 2893 699 2954 Neque
733 2892 881 2953 magis
915 2889 1062 2937 fibrae
1097 2889 1342 2943 medullam
1377 2888 1676 2943 continentes
1711 2897 1830 2947 quae

211 3014 471 3022 ——oe—w-ffl
483 3014 505 3017 --

302 3059 371 3106 4⁹)
417 3063 446 3097 1.
468 3069 501 3107 ος
525 3062 603 3098 vot.
627 3062 675 3105 11,
701 3061 795 3102 parte
820 3061 849 3097 1.
894 3065 974 3101 pag.
999 3056 1080 3093 417.
