<?xml version="1.0" encoding="UTF-8"?>
<!DOCTYPE html PUBLIC "-//W3C//DTD XHTML 1.0 Transitional//EN"
    "http://www.w3.org/TR/xhtml1/DTD/xhtml1-transitional.dtd">
<html xmlns="http://www.w3.org/1999/xhtml" xml:lang="en" lang="en">
 <head>
  <title>
</title>
<meta http-equiv="Content-Type" content="text/html;charset=utf-8" />
  <meta name='ocr-system' content='tesseract 3.04.00' />
  <meta name='ocr-capabilities' content='ocr_page ocr_carea ocr_par ocr_line ocrx_word'/>
</head>
<body>
  <div class='ocr_page' id='page_1' title='image "./demedullaespinal00kupf_0064.png"; bbox 0 0 1991 3270; ppageno 0'>
   <div class='ocr_carea' id='block_1_1' title="bbox 928 0 1991 33">
    <p class='ocr_par' dir='ltr' id='par_1_1' title="bbox 928 0 1991 33">
     <span class='ocr_line' id='line_1_1' title="bbox 928 0 1991 33; baseline 0 3237"><span class='ocrx_word' id='word_1_1' title='bbox 928 0 1991 33; x_wconf 95' lang='lat' dir='ltr'> </span> 
     </span>
    </p>
   </div>
   <div class='ocr_carea' id='block_1_2' title="bbox 864 273 1218 324">
    <p class='ocr_par' dir='ltr' id='par_1_2' title="bbox 864 273 1218 324">
     <span class='ocr_line' id='line_1_2' title="bbox 864 273 1218 324; baseline 0.006 -1"><span class='ocrx_word' id='word_1_2' title='bbox 864 277 1062 324; x_wconf 79' lang='lat'>-58</span> <span class='ocrx_word' id='word_1_3' title='bbox 1135 273 1218 312; x_wconf 81' lang='lat'>—·</span> 
     </span>
    </p>
   </div>
   <div class='ocr_carea' id='block_1_3' title="bbox 600 407 1247 470">
    <p class='ocr_par' dir='ltr' id='par_1_3' title="bbox 600 407 1247 470">
     <span class='ocr_line' id='line_1_3' title="bbox 600 407 1247 470; baseline -0.002 -15"><span class='ocrx_word' id='word_1_4' title='bbox 600 409 754 456; x_wconf 87' lang='lat' dir='ltr'>sexies</span> <span class='ocrx_word' id='word_1_5' title='bbox 786 409 888 470; x_wconf 90' lang='lat' dir='ltr'>plus</span> <span class='ocrx_word' id='word_1_6' title='bbox 923 407 1247 454; x_wconf 87' lang='lat' dir='ltr'>albuminatum</span> 
     </span>
    </p>
   </div>
   <div class='ocr_carea' id='block_1_4' title="bbox 243 476 1838 671">
    <p class='ocr_par' dir='ltr' id='par_1_4' title="bbox 243 476 1838 671">
     <span class='ocr_line' id='line_1_4' title="bbox 597 476 1074 530; baseline -0.002 -8"><span class='ocrx_word' id='word_1_7' title='bbox 597 476 760 523; x_wconf 87' lang='lat' dir='ltr'>novies</span> <span class='ocrx_word' id='word_1_8' title='bbox 836 513 858 530; x_wconf 89' lang='lat'>‚,</span> <span class='ocrx_word' id='word_1_9' title='bbox 927 476 1074 521; x_wconf 87' lang='lat' dir='ltr'>oollae</span> 
     </span>
     <span class='ocr_line' id='line_1_5' title="bbox 541 511 1838 602; baseline -0.026 -12"><span class='ocrx_word' id='word_1_10' title='bbox 541 543 762 590; x_wconf 89' lang='lat' dir='ltr'>undecies</span> <span class='ocrx_word' id='word_1_11' title='bbox 836 580 858 598; x_wconf 89' lang='lat'>‚‚</span> <span class='ocrx_word' id='word_1_12' title='bbox 925 543 1082 589; x_wconf 89' lang='lat' dir='ltr'>salium</span> <span class='ocrx_word' id='word_1_13' title='bbox 1120 556 1341 602; x_wconf 50' lang='lat' dir='ltr'>amorgan,</span> <span class='ocrx_word' id='word_1_14' title='bbox 1379 524 1515 570; x_wconf 68' lang='lat' dir='ltr'>quam</span> <span class='ocrx_word' id='word_1_15' title='bbox 1548 511 1689 557; x_wconf 83' lang='lat' dir='ltr'>Subst.</span> <span class='ocrx_word' id='word_1_16' title='bbox 1724 511 1838 557; x_wconf 88' lang='lat' dir='ltr'>alba.</span> 
     </span>
     <span class='ocr_line' id='line_1_6' title="bbox 243 610 1075 671; baseline -0.017 -12"><span class='ocrx_word' id='word_1_17' title='bbox 243 611 399 659; x_wconf 83' lang='lat' dir='ltr'>sexies</span> <span class='ocrx_word' id='word_1_18' title='bbox 434 625 534 657; x_wconf 91' lang='lat' dir='ltr'>cum</span> <span class='ocrx_word' id='word_1_19' title='bbox 570 610 756 657; x_wconf 88' lang='lat' dir='ltr'>dimidio</span> <span class='ocrx_word' id='word_1_20' title='bbox 835 648 857 665; x_wconf 73' lang='lat'>‚,</span> <span class='ocrx_word' id='word_1_21' title='bbox 928 625 1075 671; x_wconf 67' lang='lat' dir='ltr'>aquae</span> 
     </span>
    </p>
   </div>
   <div class='ocr_carea' id='block_1_5' title="bbox 217 677 1847 1352">
    <p class='ocr_par' dir='ltr' id='par_1_5' title="bbox 217 677 1847 1352">
     <span class='ocr_line' id='line_1_7' title="bbox 317 677 1841 739; baseline -0.001 -16"><span class='ocrx_word' id='word_1_22' title='bbox 317 678 388 724; x_wconf 86' lang='lat' dir='ltr'>Ex</span> <span class='ocrx_word' id='word_1_23' title='bbox 424 678 613 724; x_wconf 81' lang='lat' dir='ltr'>relativa</span> <span class='ocrx_word' id='word_1_24' title='bbox 640 692 788 738; x_wconf 90' lang='lat' dir='ltr'>aquae</span> <span class='ocrx_word' id='word_1_25' title='bbox 814 677 958 739; x_wconf 91' lang='lat' dir='ltr'>copia,</span> <span class='ocrx_word' id='word_1_26' title='bbox 994 693 1018 722; x_wconf 93' lang='lat'>1.</span> <span class='ocrx_word' id='word_1_27' title='bbox 1045 692 1083 723; x_wconf 90' lang='lat' dir='ltr'>e.</span> <span class='ocrx_word' id='word_1_28' title='bbox 1110 691 1169 722; x_wconf 85' lang='lat' dir='ltr'>ex</span> <span class='ocrx_word' id='word_1_29' title='bbox 1195 678 1384 734; x_wconf 90' lang='lat' dir='ltr'>ratione,</span> <span class='ocrx_word' id='word_1_30' title='bbox 1422 690 1542 738; x_wconf 90' lang='lat' dir='ltr'>quae</span> <span class='ocrx_word' id='word_1_31' title='bbox 1569 691 1714 737; x_wconf 89' lang='lat' dir='ltr'>aquae</span> <span class='ocrx_word' id='word_1_32' title='bbox 1740 691 1841 723; x_wconf 91' lang='lat' dir='ltr'>cum</span> 
     </span>
     <span class='ocr_line' id='line_1_8' title="bbox 220 744 1843 807; baseline -0.002 -15"><span class='ocrx_word' id='word_1_33' title='bbox 220 746 583 801; x_wconf 89' lang='lat' dir='ltr'>albuminatibus,</span> <span class='ocrx_word' id='word_1_34' title='bbox 597 747 715 792; x_wconf 88' lang='lat' dir='ltr'>colla</span> <span class='ocrx_word' id='word_1_35' title='bbox 735 745 999 805; x_wconf 80' lang='lat' dir='ltr'>salibusque</span> <span class='ocrx_word' id='word_1_36' title='bbox 1012 745 1262 797; x_wconf 78' lang='lat' dir='ltr'>intercedit,</span> <span class='ocrx_word' id='word_1_37' title='bbox 1276 745 1490 807; x_wconf 84' lang='lat' dir='ltr'>sequitur,</span> <span class='ocrx_word' id='word_1_38' title='bbox 1510 745 1727 790; x_wconf 86' lang='lat' dir='ltr'>materias</span> <span class='ocrx_word' id='word_1_39' title='bbox 1745 744 1843 790; x_wconf 90' lang='lat' dir='ltr'>illas</span> 
     </span>
     <span class='ocr_line' id='line_1_9' title="bbox 218 812 1845 871; baseline -0.001 -12"><span class='ocrx_word' id='word_1_40' title='bbox 218 813 522 859; x_wconf 85' lang='lat' dir='ltr'>verisimiliter</span> <span class='ocrx_word' id='word_1_41' title='bbox 546 827 572 858; x_wconf 92' lang='lat' dir='ltr'>e</span> <span class='ocrx_word' id='word_1_42' title='bbox 596 814 688 859; x_wconf 90' lang='lat' dir='ltr'>tela</span> <span class='ocrx_word' id='word_1_43' title='bbox 713 813 1013 871; x_wconf 83' lang='lat' dir='ltr'>conjunctiva,</span> <span class='ocrx_word' id='word_1_44' title='bbox 1048 812 1400 860; x_wconf 84' lang='lat' dir='ltr'>albuminatibus</span> <span class='ocrx_word' id='word_1_45' title='bbox 1425 812 1630 858; x_wconf 87' lang='lat' dir='ltr'>formatis</span> <span class='ocrx_word' id='word_1_46' title='bbox 1656 818 1701 856; x_wconf 88' lang='lat' dir='ltr'>et</span> <span class='ocrx_word' id='word_1_47' title='bbox 1725 826 1845 871; x_wconf 88' lang='lat' dir='ltr'>aqua</span> 
     </span>
     <span class='ocr_line' id='line_1_10' title="bbox 219 878 1845 940; baseline -0.002 -13"><span class='ocrx_word' id='word_1_48' title='bbox 219 881 401 927; x_wconf 89' lang='lat' dir='ltr'>animali</span> <span class='ocrx_word' id='word_1_49' title='bbox 433 881 598 926; x_wconf 85' lang='lat' dir='ltr'>mixtas</span> <span class='ocrx_word' id='word_1_50' title='bbox 632 894 750 935; x_wconf 88' lang='lat' dir='ltr'>esse,</span> <span class='ocrx_word' id='word_1_51' title='bbox 789 880 826 926; x_wconf 91' lang='lat' dir='ltr'>si</span> <span class='ocrx_word' id='word_1_52' title='bbox 870 879 1053 940; x_wconf 90' lang='lat' dir='ltr'>quidem</span> <span class='ocrx_word' id='word_1_53' title='bbox 1092 880 1328 938; x_wconf 80' lang='lat' dir='ltr'>sanguinis</span> <span class='ocrx_word' id='word_1_54' title='bbox 1374 881 1418 925; x_wconf 92' lang='lat' dir='ltr'>in</span> <span class='ocrx_word' id='word_1_55' title='bbox 1457 879 1583 926; x_wconf 86' lang='lat' dir='ltr'>vasis</span> <span class='ocrx_word' id='word_1_56' title='bbox 1623 878 1845 939; x_wconf 90' lang='lat' dir='ltr'>capillari-</span> 
     </span>
     <span class='ocr_line' id='line_1_11' title="bbox 217 947 1846 1009; baseline -0.001 -15"><span class='ocrx_word' id='word_1_57' title='bbox 217 949 309 995; x_wconf 87' lang='lat' dir='ltr'>bus</span> <span class='ocrx_word' id='word_1_58' title='bbox 341 948 517 1003; x_wconf 87' lang='lat' dir='ltr'>retenti,</span> <span class='ocrx_word' id='word_1_59' title='bbox 553 948 629 1009; x_wconf 92' lang='lat' dir='ltr'>qui</span> <span class='ocrx_word' id='word_1_60' title='bbox 662 949 758 992; x_wconf 89' lang='lat' dir='ltr'>fere</span> <span class='ocrx_word' id='word_1_61' title='bbox 793 947 1058 993; x_wconf 82' lang='lat' dir='ltr'>tantundem</span> <span class='ocrx_word' id='word_1_62' title='bbox 1084 961 1232 1007; x_wconf 86' lang='lat' dir='ltr'>aquae</span> <span class='ocrx_word' id='word_1_63' title='bbox 1259 948 1471 1001; x_wconf 73' lang='lat' dir='ltr'>continet,</span> <span class='ocrx_word' id='word_1_64' title='bbox 1511 952 1730 1007; x_wconf 88' lang='lat' dir='ltr'>quantum</span> <span class='ocrx_word' id='word_1_65' title='bbox 1758 947 1846 992; x_wconf 89' lang='lat' dir='ltr'>tela</span> 
     </span>
     <span class='ocr_line' id='line_1_12' title="bbox 220 1014 1847 1075; baseline -0.002 -13"><span class='ocrx_word' id='word_1_66' title='bbox 220 1015 536 1075; x_wconf 88' lang='lat' dir='ltr'>conjunctiva,</span> <span class='ocrx_word' id='word_1_67' title='bbox 575 1015 690 1061; x_wconf 86' lang='lat' dir='ltr'>ratio</span> <span class='ocrx_word' id='word_1_68' title='bbox 723 1029 816 1061; x_wconf 91' lang='lat' dir='ltr'>non</span> <span class='ocrx_word' id='word_1_69' title='bbox 863 1014 1074 1068; x_wconf 86' lang='lat' dir='ltr'>ducatur,</span> <span class='ocrx_word' id='word_1_70' title='bbox 1113 1015 1206 1069; x_wconf 89' lang='lat' dir='ltr'>vel,</span> <span class='ocrx_word' id='word_1_71' title='bbox 1243 1014 1369 1074; x_wconf 89' lang='lat' dir='ltr'>quod</span> <span class='ocrx_word' id='word_1_72' title='bbox 1405 1014 1594 1075; x_wconf 87' lang='lat' dir='ltr'>perinde</span> <span class='ocrx_word' id='word_1_73' title='bbox 1619 1019 1708 1068; x_wconf 87' lang='lat' dir='ltr'>est,</span> <span class='ocrx_word' id='word_1_74' title='bbox 1746 1016 1847 1059; x_wconf 88' lang='lat' dir='ltr'>cum</span> 
     </span>
     <span class='ocr_line' id='line_1_13' title="bbox 219 1080 1846 1142; baseline -0.002 -13"><span class='ocrx_word' id='word_1_75' title='bbox 219 1084 312 1129; x_wconf 90' lang='lat' dir='ltr'>tela</span> <span class='ocrx_word' id='word_1_76' title='bbox 337 1082 626 1141; x_wconf 88' lang='lat' dir='ltr'>conjunctiva</span> <span class='ocrx_word' id='word_1_77' title='bbox 652 1082 905 1128; x_wconf 84' lang='lat' dir='ltr'><strong>summatim</strong></span> <span class='ocrx_word' id='word_1_78' title='bbox 939 1096 1031 1128; x_wconf 91' lang='lat' dir='ltr'>uno</span> <span class='ocrx_word' id='word_1_79' title='bbox 1067 1081 1228 1127; x_wconf 83' lang='lat' dir='ltr'>ordine</span> <span class='ocrx_word' id='word_1_80' title='bbox 1254 1080 1682 1142; x_wconf 75' lang='lat' dir='ltr'>comprehendatur.</span> <span class='ocrx_word' id='word_1_81' title='bbox 1727 1081 1846 1126; x_wconf 84' lang='lat' dir='ltr'>Sub—</span> 
     </span>
     <span class='ocr_line' id='line_1_14' title="bbox 222 1147 1845 1209; baseline -0.002 -12"><span class='ocrx_word' id='word_1_82' title='bbox 222 1151 389 1198; x_wconf 83' lang='lat' dir='ltr'>stantia</span> <span class='ocrx_word' id='word_1_83' title='bbox 431 1150 723 1209; x_wconf 87' lang='lat' dir='ltr'>conjunctiva</span> <span class='ocrx_word' id='word_1_84' title='bbox 775 1150 819 1194; x_wconf 90' lang='lat' dir='ltr'>in</span> <span class='ocrx_word' id='word_1_85' title='bbox 874 1150 1137 1196; x_wconf 89' lang='lat' dir='ltr'>universum</span> <span class='ocrx_word' id='word_1_86' title='bbox 1188 1150 1248 1196; x_wconf 74' lang='lat'>23</span> <span class='ocrx_word' id='word_1_87' title='bbox 1302 1164 1343 1209; x_wconf 89' lang='lat' dir='ltr'>p.</span> <span class='ocrx_word' id='word_1_88' title='bbox 1388 1164 1423 1194; x_wconf 93' lang='lat' dir='ltr'>c.</span> <span class='ocrx_word' id='word_1_89' title='bbox 1472 1149 1615 1194; x_wconf 85' lang='lat' dir='ltr'>subst.</span> <span class='ocrx_word' id='word_1_90' title='bbox 1661 1147 1845 1203; x_wconf 86' lang='lat' dir='ltr'>solidae,</span> 
     </span>
     <span class='ocr_line' id='line_1_15' title="bbox 222 1215 1847 1280; baseline -0.002 -16"><span class='ocrx_word' id='word_1_91' title='bbox 222 1233 342 1280; x_wconf 90' lang='lat' dir='ltr'>aqua</span> <span class='ocrx_word' id='word_1_92' title='bbox 377 1232 490 1263; x_wconf 82' lang='lat' dir='ltr'>vero</span> <span class='ocrx_word' id='word_1_93' title='bbox 532 1218 757 1270; x_wconf 80' lang='lat' dir='ltr'>animalis,</span> <span class='ocrx_word' id='word_1_94' title='bbox 803 1217 882 1262; x_wconf 78' lang='lat' dir='ltr'>hic</span> <span class='ocrx_word' id='word_1_95' title='bbox 914 1233 978 1258; x_wconf 90' lang='lat'>=</span> <span class='ocrx_word' id='word_1_96' title='bbox 1014 1216 1202 1261; x_wconf 88' lang='lat' dir='ltr'>fluidum</span> <span class='ocrx_word' id='word_1_97' title='bbox 1236 1216 1633 1277; x_wconf 88' lang='lat' dir='ltr'>cerebrospinale‚</span> <span class='ocrx_word' id='word_1_98' title='bbox 1669 1215 1847 1261; x_wconf 83' lang='lat' dir='ltr'>circiter</span> 
     </span>
     <span class='ocr_line' id='line_1_16' title="bbox 228 1283 1148 1352; baseline -0.005 -20"><span class='ocrx_word' id='word_1_99' title='bbox 228 1289 244 1332; x_wconf 75' lang='lat'>4</span> <span class='ocrx_word' id='word_1_100' title='bbox 288 1301 352 1347; x_wconf 89' lang='lat' dir='ltr'>pr.</span> <span class='ocrx_word' id='word_1_101' title='bbox 391 1300 427 1331; x_wconf 90' lang='lat' dir='ltr'>c.</span> <span class='ocrx_word' id='word_1_102' title='bbox 454 1284 690 1352; x_wconf 72' lang='lat' dir='ltr'>substant.</span> <span class='ocrx_word' id='word_1_103' title='bbox 726 1283 900 1330; x_wconf 91' lang='lat' dir='ltr'>solidae</span> <span class='ocrx_word' id='word_1_104' title='bbox 934 1284 1148 1329; x_wconf 87' lang='lat' dir='ltr'>continet.</span> 
     </span>
    </p>
   </div>
   <div class='ocr_carea' id='block_1_6' title="bbox 936 1370 1649 1503">
    <p class='ocr_par' dir='ltr' id='par_1_6' title="bbox 936 1370 1649 1503">
     <span class='ocr_line' id='line_1_17' title="bbox 936 1370 1649 1434; baseline -0.003 -14"><span class='ocrx_word' id='word_1_105' title='bbox 936 1374 1079 1420; x_wconf 86' lang='lat' dir='ltr'>subst.</span> <span class='ocrx_word' id='word_1_106' title='bbox 1114 1374 1219 1420; x_wconf 86' lang='lat' dir='ltr'>alba</span> <span class='ocrx_word' id='word_1_107' title='bbox 1250 1370 1256 1434; x_wconf 79' lang='grc' dir='ltr'>Ι</span> <span class='ocrx_word' id='word_1_108' title='bbox 1290 1373 1432 1419; x_wconf 86' lang='lat' dir='ltr'>subst.</span> <span class='ocrx_word' id='word_1_109' title='bbox 1467 1372 1649 1418; x_wconf 86' lang='lat' dir='ltr'>cinerea</span> 
     </span>
     <span class='ocr_line' id='line_1_18' title="bbox 954 1439 1627 1503; baseline -0.007 -15"><span class='ocrx_word' id='word_1_110' title='bbox 954 1441 1166 1503; x_wconf 87' lang='lat' dir='ltr'>adipibus</span> <span class='ocrx_word' id='word_1_111' title='bbox 1191 1440 1400 1487; x_wconf 90' lang='lat' dir='ltr'>deductis</span> <span class='ocrx_word' id='word_1_112' title='bbox 1425 1439 1627 1485; x_wconf 91' lang='lat' dir='ltr'>continet</span> 
     </span>
    </p>
   </div>
   <div class='ocr_carea' id='block_1_7' title="bbox 1248 1534 1256 1750">
    <p class='ocr_par' dir='ltr' id='par_1_7' title="bbox 1248 1534 1256 1750">
     <span class='ocr_line' id='line_1_19' title="bbox 1248 1534 1256 1750; baseline 0 1520"><span class='ocrx_word' id='word_1_113' title='bbox 1248 1534 1256 1750; x_wconf 95' lang='lat' dir='ltr'> </span> 
     </span>
    </p>
   </div>
   <div class='ocr_carea' id='block_1_8' title="bbox 423 1528 1631 2337">
    <p class='ocr_par' dir='ltr' id='par_1_8' title="bbox 423 1528 1631 2337">
     <span class='ocr_line' id='line_1_20' title="bbox 425 1528 1546 1595; baseline -0.004 -14"><span class='ocrx_word' id='word_1_114' title='bbox 425 1548 574 1595; x_wconf 89' lang='lat' dir='ltr'>aquae</span> <span class='ocrx_word' id='word_1_115' title='bbox 642 1568 942 1577; x_wconf 88' lang='grc'><strong>......</strong></span> <span class='ocrx_word' id='word_1_116' title='bbox 1006 1528 1147 1587; x_wconf 74' lang='grc'>89,74</span> <span class='ocrx_word' id='word_1_117' title='bbox 1403 1528 1546 1584; x_wconf 73' lang='lat'>90‚42</span> 
     </span>
     <span class='ocr_line' id='line_1_21' title="bbox 425 1599 1545 1654; baseline -0.004 -7"><span class='ocrx_word' id='word_1_118' title='bbox 425 1601 589 1648; x_wconf 86' lang='lat' dir='ltr'>album.</span> <span class='ocrx_word' id='word_1_119' title='bbox 612 1600 755 1646; x_wconf 85' lang='lat' dir='ltr'>oollae</span> <span class='ocrx_word' id='word_1_120' title='bbox 771 1605 856 1645; x_wconf 87' lang='lat' dir='ltr'>etc.</span> <span class='ocrx_word' id='word_1_121' title='bbox 873 1600 951 1645; x_wconf 90' lang='lat' dir='ltr'>sal.</span> <span class='ocrx_word' id='word_1_122' title='bbox 1008 1601 1146 1654; x_wconf 56' lang='lat'>4036</span> <span class='ocrx_word' id='word_1_123' title='bbox 1436 1599 1545 1652; x_wconf 82' lang='lat'>9‚58</span> 
     </span>
     <span class='ocr_line' id='line_1_22' title="bbox 971 1688 1567 1745; baseline -0.007 -10"><span class='ocrx_word' id='word_1_124' title='bbox 971 1692 1144 1745; x_wconf 78' lang='lat'>400‚00</span> <span class='ocrx_word' id='word_1_125' title='bbox 1371 1688 1567 1741; x_wconf 75' lang='lat'>400,00‚</span> 
     </span>
     <span class='ocr_line' id='line_1_23' title="bbox 954 1776 1631 1839; baseline -0.009 -14"><span class='ocrx_word' id='word_1_126' title='bbox 954 1778 1001 1825; x_wconf 92' lang='lat' dir='ltr'>id</span> <span class='ocrx_word' id='word_1_127' title='bbox 1033 1778 1158 1839; x_wconf 86' lang='lat' dir='ltr'>quod</span> <span class='ocrx_word' id='word_1_128' title='bbox 1193 1776 1445 1839; x_wconf 88' lang='lat' dir='ltr'>respondet</span> <span class='ocrx_word' id='word_1_129' title='bbox 1477 1776 1631 1821; x_wconf 78' lang='lat' dir='ltr'>mixtis</span> 
     </span>
     <span class='ocr_line' id='line_1_24' title="bbox 423 1865 1507 1982; baseline -0.004 -67"><span class='ocrx_word' id='word_1_130' title='bbox 423 1868 547 1917; x_wconf 88' lang='lat' dir='ltr'>fluidi</span> <span class='ocrx_word' id='word_1_131' title='bbox 577 1867 890 1943; x_wconf 83' lang='lat' dir='ltr'>cerebrospin.</span> <span class='ocrx_word' id='word_1_132' title='bbox 929 1906 937 1914; x_wconf 90' lang='lat'>.</span> <span class='ocrx_word' id='word_1_133' title='bbox 1000 1865 1110 1923; x_wconf 55' lang='lat'>557</span> <span class='ocrx_word' id='word_1_134' title='bbox 1244 1865 1251 1982; x_wconf 67' lang='grc' dir='ltr'>Ι</span> <span class='ocrx_word' id='word_1_135' title='bbox 1399 1867 1507 1921; x_wconf 79' lang='grc' dir='ltr'><strong>61,Ο</strong></span> 
     </span>
     <span class='ocr_line' id='line_1_25' title="bbox 425 1935 1505 1995; baseline -0.005 -11"><span class='ocrx_word' id='word_1_136' title='bbox 425 1939 542 1984; x_wconf 86' lang='lat' dir='ltr'>telae</span> <span class='ocrx_word' id='word_1_137' title='bbox 578 1942 896 1995; x_wconf 75' lang='lat' dir='ltr'>conjunctivae</span> <span class='ocrx_word' id='word_1_138' title='bbox 928 1973 936 1981; x_wconf 90' lang='lat'>.</span> <span class='ocrx_word' id='word_1_139' title='bbox 1000 1935 1108 1990; x_wconf 59' lang='lat'>443</span> <span class='ocrx_word' id='word_1_140' title='bbox 1398 1936 1505 1989; x_wconf 83' lang='lat'>39,0</span> 
     </span>
     <span class='ocr_line' id='line_1_26' title="bbox 633 2049 1346 2109; baseline -0.004 -14"><span class='ocrx_word' id='word_1_141' title='bbox 633 2050 759 2109; x_wconf 78' lang='lat' dir='ltr'>Ergo</span> <span class='ocrx_word' id='word_1_142' title='bbox 801 2055 922 2095; x_wconf 87' lang='lat' dir='ltr'>statu</span> <span class='ocrx_word' id='word_1_143' title='bbox 958 2049 1127 2094; x_wconf 86' lang='lat' dir='ltr'>recenti</span> <span class='ocrx_word' id='word_1_144' title='bbox 1165 2053 1346 2093; x_wconf 88' lang='lat' dir='ltr'>constat</span> 
     </span>
     <span class='ocr_line' id='line_1_27' title="bbox 425 2124 1507 2201; baseline -0.006 -15"><span class='ocrx_word' id='word_1_145' title='bbox 425 2141 609 2201; x_wconf 91' lang='lat' dir='ltr'>adipum</span> <span class='ocrx_word' id='word_1_146' title='bbox 639 2175 939 2184; x_wconf 83' lang='grc'>......</span> <span class='ocrx_word' id='word_1_147' title='bbox 1001 2139 1109 2192; x_wconf 56' lang='lat'>228</span> <span class='ocrx_word' id='word_1_148' title='bbox 1432 2124 1507 2190; x_wconf 78' lang='lat'>4‚0</span> 
     </span>
     <span class='ocr_line' id='line_1_28' title="bbox 425 2203 1505 2266; baseline -0.006 -12"><span class='ocrx_word' id='word_1_149' title='bbox 425 2207 550 2254; x_wconf 91' lang='lat' dir='ltr'>fluidi</span> <span class='ocrx_word' id='word_1_150' title='bbox 596 2206 897 2266; x_wconf 88' lang='lat' dir='ltr'>cerebrospin</span> <span class='ocrx_word' id='word_1_151' title='bbox 929 2242 937 2251; x_wconf 94' lang='lat'>.</span> <span class='ocrx_word' id='word_1_152' title='bbox 1002 2203 1109 2259; x_wconf 73' lang='lat'><strong>43,0</strong></span> <span class='ocrx_word' id='word_1_153' title='bbox 1396 2204 1505 2257; x_wconf 80' lang='lat'>58‚6</span> 
     </span>
     <span class='ocr_line' id='line_1_29' title="bbox 425 2265 1504 2337; baseline -0.006 -16"><span class='ocrx_word' id='word_1_154' title='bbox 425 2276 544 2321; x_wconf 86' lang='lat' dir='ltr'>telae</span> <span class='ocrx_word' id='word_1_155' title='bbox 585 2274 809 2332; x_wconf 87' lang='lat' dir='ltr'>conjunct.</span> <span class='ocrx_word' id='word_1_156' title='bbox 851 2279 936 2337; x_wconf 84' lang='lat' dir='ltr'>etc.</span> <span class='ocrx_word' id='word_1_157' title='bbox 1001 2270 1109 2326; x_wconf 54' lang='lat'>343</span> <span class='ocrx_word' id='word_1_158' title='bbox 1397 2265 1504 2324; x_wconf 60' lang='lat' dir='ltr'><strong>37,AE</strong></span> 
     </span>
    </p>
   </div>
   <div class='ocr_carea' id='block_1_9' title="bbox 1244 2141 1251 2331">
    <p class='ocr_par' dir='ltr' id='par_1_9' title="bbox 1244 2141 1251 2331">
     <span class='ocr_line' id='line_1_30' title="bbox 1244 2141 1251 2331; baseline 0 939"><span class='ocrx_word' id='word_1_159' title='bbox 1244 2141 1251 2331; x_wconf 95' lang='lat' dir='ltr'> </span> 
     </span>
    </p>
   </div>
   <div class='ocr_carea' id='block_1_10' title="bbox 222 2381 1853 2919">
    <p class='ocr_par' dir='ltr' id='par_1_10' title="bbox 222 2381 1853 2785">
     <span class='ocr_line' id='line_1_31' title="bbox 357 2381 1852 2445; baseline -0.008 -9"><span class='ocrx_word' id='word_1_160' title='bbox 357 2390 404 2436; x_wconf 89' lang='lat' dir='ltr'>Si</span> <span class='ocrx_word' id='word_1_161' title='bbox 437 2388 660 2434; x_wconf 85' lang='lat' dir='ltr'>rationem</span> <span class='ocrx_word' id='word_1_162' title='bbox 698 2385 1039 2445; x_wconf 80' lang='lat' dir='ltr'>histologicam‚</span> <span class='ocrx_word' id='word_1_163' title='bbox 1079 2398 1199 2445; x_wconf 88' lang='lat' dir='ltr'>quae</span> <span class='ocrx_word' id='word_1_164' title='bbox 1246 2383 1361 2429; x_wconf 89' lang='lat' dir='ltr'>telae</span> <span class='ocrx_word' id='word_1_165' title='bbox 1399 2381 1718 2440; x_wconf 83' lang='lat' dir='ltr'>conjunctivae</span> <span class='ocrx_word' id='word_1_166' title='bbox 1753 2394 1852 2425; x_wconf 90' lang='lat' dir='ltr'>cum</span> 
     </span>
     <span class='ocr_line' id='line_1_32' title="bbox 223 2446 1853 2519; baseline -0.009 -14"><span class='ocrx_word' id='word_1_167' title='bbox 223 2457 357 2519; x_wconf 89' lang='lat' dir='ltr'>adipe</span> <span class='ocrx_word' id='word_1_168' title='bbox 390 2458 435 2502; x_wconf 93' lang='lat' dir='ltr'>in</span> <span class='ocrx_word' id='word_1_169' title='bbox 460 2456 560 2514; x_wconf 87' lang='lat' dir='ltr'>ejus</span> <span class='ocrx_word' id='word_1_170' title='bbox 592 2453 872 2499; x_wconf 82' lang='lat' dir='ltr'>membranis</span> <span class='ocrx_word' id='word_1_171' title='bbox 898 2453 1072 2498; x_wconf 87' lang='lat' dir='ltr'>incluso</span> <span class='ocrx_word' id='word_1_172' title='bbox 1108 2452 1152 2496; x_wconf 93' lang='lat' dir='ltr'>in</span> <span class='ocrx_word' id='word_1_173' title='bbox 1187 2451 1441 2497; x_wconf 87' lang='lat' dir='ltr'>substantia</span> <span class='ocrx_word' id='word_1_174' title='bbox 1476 2450 1580 2495; x_wconf 90' lang='lat' dir='ltr'>alba</span> <span class='ocrx_word' id='word_1_175' title='bbox 1614 2446 1853 2493; x_wconf 85' lang='lat' dir='ltr'>intercedit</span> 
     </span>
     <span class='ocr_line' id='line_1_33' title="bbox 252 2518 1851 2589; baseline -0.008 -19"><span class='ocrx_word' id='word_1_176' title='bbox 252 2542 316 2567; x_wconf 89' lang='lat'>=</span> <span class='ocrx_word' id='word_1_177' title='bbox 339 2522 489 2589; x_wconf 55' lang='lat' dir='ltr'>{{I})2</span> <span class='ocrx_word' id='word_1_178' title='bbox 526 2536 611 2583; x_wconf 87' lang='lat' dir='ltr'>pro</span> <span class='ocrx_word' id='word_1_179' title='bbox 643 2536 803 2566; x_wconf 89' lang='lat' dir='ltr'>norma</span> <span class='ocrx_word' id='word_1_180' title='bbox 838 2520 897 2566; x_wconf 87' lang='lat' dir='ltr'>ad</span> <span class='ocrx_word' id='word_1_181' title='bbox 935 2520 1164 2564; x_wconf 89' lang='lat' dir='ltr'>cineream</span> <span class='ocrx_word' id='word_1_182' title='bbox 1199 2518 1507 2572; x_wconf 86' lang='lat' dir='ltr'>transtuleris,</span> <span class='ocrx_word' id='word_1_183' title='bbox 1544 2520 1754 2576; x_wconf 86' lang='lat' dir='ltr'>apparet,</span> <span class='ocrx_word' id='word_1_184' title='bbox 1792 2528 1851 2559; x_wconf 83' lang='lat' dir='ltr'>ex</span> 
     </span>
     <span class='ocr_line' id='line_1_34' title="bbox 224 2586 1848 2652; baseline -0.008 -13"><span class='ocrx_word' id='word_1_185' title='bbox 224 2590 333 2647; x_wconf 74' lang='lat'><strong>37‚4</strong></span> <span class='ocrx_word' id='word_1_186' title='bbox 374 2607 414 2652; x_wconf 93' lang='lat' dir='ltr'>p.</span> <span class='ocrx_word' id='word_1_187' title='bbox 447 2605 483 2636; x_wconf 92' lang='lat' dir='ltr'>c.</span> <span class='ocrx_word' id='word_1_188' title='bbox 521 2590 639 2634; x_wconf 90' lang='lat' dir='ltr'>telae</span> <span class='ocrx_word' id='word_1_189' title='bbox 673 2587 993 2646; x_wconf 83' lang='lat' dir='ltr'>conjunctivae</span> <span class='ocrx_word' id='word_1_190' title='bbox 1027 2587 1169 2632; x_wconf 86' lang='lat' dir='ltr'>subst.</span> <span class='ocrx_word' id='word_1_191' title='bbox 1207 2586 1419 2631; x_wconf 86' lang='lat' dir='ltr'>cinereae</span> <span class='ocrx_word' id='word_1_192' title='bbox 1459 2586 1533 2638; x_wconf 88' lang='grc'>6,0</span> <span class='ocrx_word' id='word_1_193' title='bbox 1569 2599 1608 2643; x_wconf 88' lang='lat' dir='ltr'>p.</span> <span class='ocrx_word' id='word_1_194' title='bbox 1637 2596 1672 2626; x_wconf 89' lang='lat' dir='ltr'>c.</span> <span class='ocrx_word' id='word_1_195' title='bbox 1705 2595 1848 2626; x_wconf 89' lang='lat' dir='ltr'>mem-</span> 
     </span>
     <span class='ocr_line' id='line_1_35' title="bbox 222 2648 1850 2717; baseline -0.009 -12"><span class='ocrx_word' id='word_1_196' title='bbox 222 2661 397 2706; x_wconf 86' lang='lat' dir='ltr'>branas</span> <span class='ocrx_word' id='word_1_197' title='bbox 431 2657 613 2717; x_wconf 88' lang='lat' dir='ltr'>adipem</span> <span class='ocrx_word' id='word_1_198' title='bbox 637 2655 927 2700; x_wconf 89' lang='lat' dir='ltr'>continentes</span> <span class='ocrx_word' id='word_1_199' title='bbox 952 2668 1070 2708; x_wconf 89' lang='lat' dir='ltr'>esse,</span> <span class='ocrx_word' id='word_1_200' title='bbox 1107 2653 1214 2698; x_wconf 90' lang='lat' dir='ltr'>dum</span> <span class='ocrx_word' id='word_1_201' title='bbox 1249 2653 1451 2713; x_wconf 89' lang='lat' dir='ltr'>reliquae</span> <span class='ocrx_word' id='word_1_202' title='bbox 1489 2649 1595 2704; x_wconf 60' lang='lat' dir='ltr'>34,AE</span> <span class='ocrx_word' id='word_1_203' title='bbox 1628 2664 1668 2708; x_wconf 94' lang='lat' dir='ltr'>p.</span> <span class='ocrx_word' id='word_1_204' title='bbox 1691 2662 1725 2692; x_wconf 91' lang='lat' dir='ltr'>c.</span> <span class='ocrx_word' id='word_1_205' title='bbox 1754 2648 1850 2693; x_wconf 86' lang='lat' dir='ltr'>aliis</span> 
     </span>
     <span class='ocr_line' id='line_1_36' title="bbox 223 2714 1847 2785; baseline -0.009 -12"><span class='ocrx_word' id='word_1_206' title='bbox 223 2726 380 2774; x_wconf 86' lang='lat' dir='ltr'>formis</span> <span class='ocrx_word' id='word_1_207' title='bbox 406 2729 621 2785; x_wconf 88' lang='lat' dir='ltr'>respectu</span> <span class='ocrx_word' id='word_1_208' title='bbox 655 2722 932 2780; x_wconf 72' lang='lat' dir='ltr'>histologico,</span> <span class='ocrx_word' id='word_1_209' title='bbox 966 2721 1136 2766; x_wconf 83' lang='lat' dir='ltr'>liberae</span> <span class='ocrx_word' id='word_1_210' title='bbox 1177 2721 1219 2765; x_wconf 92' lang='lat' dir='ltr'>in</span> <span class='ocrx_word' id='word_1_211' title='bbox 1254 2720 1354 2777; x_wconf 90' lang='lat' dir='ltr'>ejus</span> <span class='ocrx_word' id='word_1_212' title='bbox 1389 2716 1643 2765; x_wconf 88' lang='lat' dir='ltr'>substantia</span> <span class='ocrx_word' id='word_1_213' title='bbox 1671 2714 1847 2760; x_wconf 88' lang='lat' dir='ltr'>adsunt.</span> 
     </span>
    </p>

    <p class='ocr_par' dir='ltr' id='par_1_11' title="bbox 225 2783 1849 2919">
     <span class='ocr_line' id='line_1_37' title="bbox 349 2783 1849 2852; baseline -0.009 -14"><span class='ocrx_word' id='word_1_214' title='bbox 349 2793 613 2852; x_wconf 84' lang='lat' dir='ltr'>Hactenus,</span> <span class='ocrx_word' id='word_1_215' title='bbox 662 2803 781 2849; x_wconf 90' lang='lat' dir='ltr'>quae</span> <span class='ocrx_word' id='word_1_216' title='bbox 826 2790 937 2849; x_wconf 86' lang='lat' dir='ltr'>prof.</span> <span class='ocrx_word' id='word_1_217' title='bbox 982 2787 1197 2832; x_wconf 79' lang='lat' dir='ltr'>Schmidt</span> <span class='ocrx_word' id='word_1_218' title='bbox 1231 2787 1410 2847; x_wconf 83' lang='lat' dir='ltr'>reperit.</span> <span class='ocrx_word' id='word_1_219' title='bbox 1480 2785 1576 2829; x_wconf 88' lang='lat' dir='ltr'>Jam</span> <span class='ocrx_word' id='word_1_220' title='bbox 1614 2783 1650 2828; x_wconf 93' lang='lat' dir='ltr'>si</span> <span class='ocrx_word' id='word_1_221' title='bbox 1687 2783 1849 2842; x_wconf 74' lang='lat' dir='ltr'>analy—</span> 
     </span>
     <span class='ocr_line' id='line_1_38' title="bbox 225 2848 1847 2919; baseline -0.009 -11"><span class='ocrx_word' id='word_1_222' title='bbox 225 2875 334 2909; x_wconf 91' lang='lat' dir='ltr'>seos</span> <span class='ocrx_word' id='word_1_223' title='bbox 370 2860 505 2919; x_wconf 87' lang='lat' dir='ltr'>hujus</span> <span class='ocrx_word' id='word_1_224' title='bbox 543 2862 737 2903; x_wconf 87' lang='lat' dir='ltr'>eventus</span> <span class='ocrx_word' id='word_1_225' title='bbox 783 2870 882 2902; x_wconf 89' lang='lat' dir='ltr'>cum</span> <span class='ocrx_word' id='word_1_226' title='bbox 930 2855 1074 2901; x_wconf 86' lang='lat' dir='ltr'>fibrae</span> <span class='ocrx_word' id='word_1_227' title='bbox 1119 2868 1320 2900; x_wconf 87' lang='lat' dir='ltr'>nerveae</span> <span class='ocrx_word' id='word_1_228' title='bbox 1365 2850 1687 2898; x_wconf 85' lang='lat' dir='ltr'>constitutione</span> <span class='ocrx_word' id='word_1_229' title='bbox 1733 2848 1847 2894; x_wconf 87' lang='lat' dir='ltr'>che-</span> 
     </span>
    </p>
   </div>
   <div class='ocr_carea' id='block_1_11' title="bbox 224 2918 1847 2989">
    <p class='ocr_par' dir='ltr' id='par_1_12' title="bbox 224 2918 1847 2989">
     <span class='ocr_line' id='line_1_39' title="bbox 224 2918 1847 2989; baseline -0.009 -14"><span class='ocrx_word' id='word_1_230' title='bbox 224 2926 443 2989; x_wconf 79' lang='lat' dir='ltr'>mica⁵²)‚</span> <span class='ocrx_word' id='word_1_231' title='bbox 460 2925 605 2987; x_wconf 88' lang='lat' dir='ltr'>qualis</span> <span class='ocrx_word' id='word_1_232' title='bbox 623 2938 683 2970; x_wconf 84' lang='lat' dir='ltr'>ex</span> <span class='ocrx_word' id='word_1_233' title='bbox 703 2923 1106 2970; x_wconf 85' lang='lat' dir='ltr'>observationibus</span> <span class='ocrx_word' id='word_1_234' title='bbox 1123 2918 1465 2980; x_wconf 76' lang='lat' dir='ltr'>mici-oscopicis</span> <span class='ocrx_word' id='word_1_235' title='bbox 1483 2918 1651 2964; x_wconf 86' lang='lat' dir='ltr'>certius</span> <span class='ocrx_word' id='word_1_236' title='bbox 1670 2930 1847 2976; x_wconf 79' lang='lat' dir='ltr'>cogno-</span> 
     </span>
    </p>
   </div>
   <div class='ocr_carea' id='block_1_12' title="bbox 319 3063 1644 3111">
    <p class='ocr_par' dir='ltr' id='par_1_13' title="bbox 319 3063 1644 3111">
     <span class='ocr_line' id='line_1_40' title="bbox 319 3063 1644 3111; baseline -0.005 -10"><span class='ocrx_word' id='word_1_237' title='bbox 319 3068 377 3111; x_wconf 75' lang='lat'>52)</span> <span class='ocrx_word' id='word_1_238' title='bbox 429 3065 635 3102; x_wconf 75' lang='lat' dir='ltr'>Lehmann</span> <span class='ocrx_word' id='word_1_239' title='bbox 657 3065 806 3108; x_wconf 78' lang='lat' dir='ltr'>physiol.</span> <span class='ocrx_word' id='word_1_240' title='bbox 834 3068 950 3100; x_wconf 75' lang='lat' dir='ltr'>ehem,</span> <span class='ocrx_word' id='word_1_241' title='bbox 979 3064 1037 3103; x_wconf 78' lang='lat' dir='ltr'>2to</span> <span class='ocrx_word' id='word_1_242' title='bbox 1062 3063 1155 3098; x_wconf 78' lang='lat' dir='ltr'>Aufl.</span> <span class='ocrx_word' id='word_1_243' title='bbox 1182 3065 1258 3096; x_wconf 76' lang='lat' dir='ltr'>Vol.</span> <span class='ocrx_word' id='word_1_244' title='bbox 1287 3065 1350 3098; x_wconf 85' lang='lat'>111.</span> <span class='ocrx_word' id='word_1_245' title='bbox 1380 3073 1412 3097; x_wconf 75' lang='lat' dir='ltr'>s.</span> <span class='ocrx_word' id='word_1_246' title='bbox 1441 3071 1476 3098; x_wconf 81' lang='lat' dir='ltr'>v.</span> <span class='ocrx_word' id='word_1_247' title='bbox 1502 3066 1644 3097; x_wconf 78' lang='lat' dir='ltr'>Nerven.</span> 
     </span>
    </p>
   </div>
  </div>
 </body>
</html>
