<?xml version="1.0" encoding="UTF-8"?>
<!DOCTYPE html PUBLIC "-//W3C//DTD XHTML 1.0 Transitional//EN"
    "http://www.w3.org/TR/xhtml1/DTD/xhtml1-transitional.dtd">
<html xmlns="http://www.w3.org/1999/xhtml" xml:lang="en" lang="en">
 <head>
  <title>
</title>
<meta http-equiv="Content-Type" content="text/html;charset=utf-8" />
  <meta name='ocr-system' content='tesseract 3.04.00' />
  <meta name='ocr-capabilities' content='ocr_page ocr_carea ocr_par ocr_line ocrx_word'/>
</head>
<body>
  <div class='ocr_page' id='page_1' title='image "./demedullaespinal00kupf_0028.png"; bbox 0 0 1991 3270; ppageno 0'>
   <div class='ocr_carea' id='block_1_1' title="bbox 868 218 1203 290">
    <p class='ocr_par' dir='ltr' id='par_1_1' title="bbox 868 218 1203 290">
     <span class='ocr_line' id='line_1_1' title="bbox 868 218 1203 290; baseline 0.006 -15"><span class='ocrx_word' id='word_1_1' title='bbox 868 218 1203 290; x_wconf 53' lang='grc' dir='ltr'><em>...ῃ-.-</em></span> 
     </span>
    </p>
   </div>
   <div class='ocr_carea' id='block_1_2' title="bbox 217 372 1851 2921">
    <p class='ocr_par' dir='ltr' id='par_1_2' title="bbox 218 372 1849 1045">
     <span class='ocr_line' id='line_1_2' title="bbox 219 372 1844 436; baseline 0 -14"><span class='ocrx_word' id='word_1_2' title='bbox 219 380 303 430; x_wconf 86' lang='lat' dir='ltr'>est,</span> <span class='ocrx_word' id='word_1_3' title='bbox 344 375 540 436; x_wconf 87' lang='lat' dir='ltr'>spatium</span> <span class='ocrx_word' id='word_1_4' title='bbox 567 372 750 433; x_wconf 87' lang='lat' dir='ltr'>saepius</span> <span class='ocrx_word' id='word_1_5' title='bbox 787 379 913 418; x_wconf 89' lang='lat' dir='ltr'>esset</span> <span class='ocrx_word' id='word_1_6' title='bbox 951 373 1242 433; x_wconf 86' lang='lat' dir='ltr'>interruptus,</span> <span class='ocrx_word' id='word_1_7' title='bbox 1279 389 1426 434; x_wconf 89' lang='lat' dir='ltr'>usque</span> <span class='ocrx_word' id='word_1_8' title='bbox 1459 375 1519 422; x_wconf 89' lang='lat' dir='ltr'>ad</span> <span class='ocrx_word' id='word_1_9' title='bbox 1544 376 1844 422; x_wconf 78' lang='lat' dir='ltr'>substantiam</span> 
     </span>
     <span class='ocr_line' id='line_1_3' title="bbox 225 440 1846 504; baseline 0.001 -15"><span class='ocrx_word' id='word_1_10' title='bbox 225 444 377 489; x_wconf 87' lang='lat' dir='ltr'>albam</span> <span class='ocrx_word' id='word_1_11' title='bbox 412 454 699 500; x_wconf 76' lang='lat' dir='ltr'>cognoscere</span> <span class='ocrx_word' id='word_1_12' title='bbox 744 441 875 486; x_wconf 86' lang='lat' dir='ltr'>licuit.</span> <span class='ocrx_word' id='word_1_13' title='bbox 949 440 1189 501; x_wconf 71' lang='lat' dir='ltr'>Cylindros</span> <span class='ocrx_word' id='word_1_14' title='bbox 1221 440 1419 501; x_wconf 90' lang='lat' dir='ltr'>denique</span> <span class='ocrx_word' id='word_1_15' title='bbox 1455 444 1654 498; x_wconf 80' lang='lat' dir='ltr'>tertiam,</span> <span class='ocrx_word' id='word_1_16' title='bbox 1708 459 1846 504; x_wconf 89' lang='lat' dir='ltr'>quam</span> 
     </span>
     <span class='ocr_line' id='line_1_4' title="bbox 219 508 1847 568; baseline 0.001 -12"><span class='ocrx_word' id='word_1_17' title='bbox 219 511 336 566; x_wconf 81' lang='lat' dir='ltr'>dixi,</span> <span class='ocrx_word' id='word_1_18' title='bbox 373 509 673 555; x_wconf 82' lang='lat' dir='ltr'>directionem</span> <span class='ocrx_word' id='word_1_19' title='bbox 709 514 957 568; x_wconf 82' lang='lat' dir='ltr'>sequentes</span> <span class='ocrx_word' id='word_1_20' title='bbox 995 508 1177 568; x_wconf 88' lang='lat' dir='ltr'>saepius</span> <span class='ocrx_word' id='word_1_21' title='bbox 1216 508 1399 568; x_wconf 88' lang='lat' dir='ltr'>quidem</span> <span class='ocrx_word' id='word_1_22' title='bbox 1443 510 1502 555; x_wconf 91' lang='lat' dir='ltr'>ad</span> <span class='ocrx_word' id='word_1_23' title='bbox 1534 511 1729 557; x_wconf 90' lang='lat' dir='ltr'>mediam</span> <span class='ocrx_word' id='word_1_24' title='bbox 1767 527 1847 557; x_wconf 92' lang='lat' dir='ltr'>us—</span> 
     </span>
     <span class='ocr_line' id='line_1_5' title="bbox 219 577 1847 639; baseline -0.001 -16"><span class='ocrx_word' id='word_1_25' title='bbox 219 592 308 639; x_wconf 90' lang='lat' dir='ltr'>que</span> <span class='ocrx_word' id='word_1_26' title='bbox 342 578 530 631; x_wconf 89' lang='lat' dir='ltr'>lineam,</span> <span class='ocrx_word' id='word_1_27' title='bbox 578 590 728 636; x_wconf 88' lang='lat' dir='ltr'>neque</span> <span class='ocrx_word' id='word_1_28' title='bbox 772 583 926 620; x_wconf 87' lang='lat' dir='ltr'>tamen</span> <span class='ocrx_word' id='word_1_29' title='bbox 969 590 1168 635; x_wconf 86' lang='lat' dir='ltr'>unquam</span> <span class='ocrx_word' id='word_1_30' title='bbox 1208 591 1347 622; x_wconf 90' lang='lat' dir='ltr'>unum</span> <span class='ocrx_word' id='word_1_31' title='bbox 1378 577 1668 639; x_wconf 89' lang='lat' dir='ltr'>eundemque</span> <span class='ocrx_word' id='word_1_32' title='bbox 1703 578 1847 639; x_wconf 73' lang='lat' dir='ltr'>cylin-</span> 
     </span>
     <span class='ocr_line' id='line_1_6' title="bbox 219 643 1847 692; baseline -0.001 0"><span class='ocrx_word' id='word_1_33' title='bbox 219 646 351 692; x_wconf 90' lang='lat' dir='ltr'>drum</span> <span class='ocrx_word' id='word_1_34' title='bbox 396 645 515 691; x_wconf 86' lang='lat' dir='ltr'>ultra</span> <span class='ocrx_word' id='word_1_35' title='bbox 557 644 723 688; x_wconf 89' lang='lat' dir='ltr'>lineam</span> <span class='ocrx_word' id='word_1_36' title='bbox 766 643 961 688; x_wconf 79' lang='lat' dir='ltr'>mediam</span> <span class='ocrx_word' id='word_1_37' title='bbox 1006 643 1050 687; x_wconf 92' lang='lat' dir='ltr'>in</span> <span class='ocrx_word' id='word_1_38' title='bbox 1096 644 1287 689; x_wconf 86' lang='lat' dir='ltr'>alterum</span> <span class='ocrx_word' id='word_1_39' title='bbox 1335 644 1563 690; x_wconf 81' lang='lat' dir='ltr'>medullae</span> <span class='ocrx_word' id='word_1_40' title='bbox 1614 645 1847 692; x_wconf 89' lang='lat' dir='ltr'>dimidium</span> 
     </span>
     <span class='ocr_line' id='line_1_7' title="bbox 220 710 1849 772; baseline 0 -13"><span class='ocrx_word' id='word_1_41' title='bbox 220 720 347 759; x_wconf 87' lang='lat' dir='ltr'>certo</span> <span class='ocrx_word' id='word_1_42' title='bbox 372 717 645 772; x_wconf 86' lang='lat' dir='ltr'>persecutus</span> <span class='ocrx_word' id='word_1_43' title='bbox 682 726 791 756; x_wconf 91' lang='lat' dir='ltr'>sum.</span> <span class='ocrx_word' id='word_1_44' title='bbox 865 710 950 765; x_wconf 84' lang='lat' dir='ltr'>Qui</span> <span class='ocrx_word' id='word_1_45' title='bbox 984 725 1145 756; x_wconf 85' lang='lat' dir='ltr'>omnes</span> <span class='ocrx_word' id='word_1_46' title='bbox 1173 711 1372 757; x_wconf 80' lang='lat' dir='ltr'>arcubus</span> <span class='ocrx_word' id='word_1_47' title='bbox 1399 711 1459 757; x_wconf 90' lang='lat' dir='ltr'>ad</span> <span class='ocrx_word' id='word_1_48' title='bbox 1485 713 1715 758; x_wconf 86' lang='lat' dir='ltr'>anteriora</span> <span class='ocrx_word' id='word_1_49' title='bbox 1740 728 1849 759; x_wconf 85' lang='lat' dir='ltr'>ver-</span> 
     </span>
     <span class='ocr_line' id='line_1_8' title="bbox 220 778 1846 840; baseline -0.001 -13"><span class='ocrx_word' id='word_1_50' title='bbox 220 796 299 827; x_wconf 87' lang='lat' dir='ltr'>sus</span> <span class='ocrx_word' id='word_1_51' title='bbox 325 779 548 825; x_wconf 76' lang='lat' dir='ltr'>convexis</span> <span class='ocrx_word' id='word_1_52' title='bbox 584 778 643 823; x_wconf 91' lang='lat' dir='ltr'>ad</span> <span class='ocrx_word' id='word_1_53' title='bbox 674 792 858 824; x_wconf 87' lang='lat' dir='ltr'>massae</span> <span class='ocrx_word' id='word_1_54' title='bbox 893 779 1105 823; x_wconf 87' lang='lat' dir='ltr'>cinereae</span> <span class='ocrx_word' id='word_1_55' title='bbox 1138 779 1394 839; x_wconf 90' lang='lat' dir='ltr'>portionem</span> <span class='ocrx_word' id='word_1_56' title='bbox 1420 780 1617 825; x_wconf 78' lang='lat' dir='ltr'>maxime</span> <span class='ocrx_word' id='word_1_57' title='bbox 1643 794 1846 840; x_wconf 83' lang='lat' dir='ltr'>opacam,</span> 
     </span>
     <span class='ocr_line' id='line_1_9' title="bbox 218 845 1849 905; baseline -0.001 -11"><span class='ocrx_word' id='word_1_58' title='bbox 218 849 264 894; x_wconf 90' lang='lat' dir='ltr'>in</span> <span class='ocrx_word' id='word_1_59' title='bbox 298 848 408 894; x_wconf 91' lang='lat' dir='ltr'>sulci</span> <span class='ocrx_word' id='word_1_60' title='bbox 455 846 696 903; x_wconf 75' lang='lat' dir='ltr'>anterioris</span> <span class='ocrx_word' id='word_1_61' title='bbox 745 845 887 891; x_wconf 86' lang='lat' dir='ltr'>fundo</span> <span class='ocrx_word' id='word_1_62' title='bbox 937 845 1162 905; x_wconf 85' lang='lat' dir='ltr'>positam,</span> <span class='ocrx_word' id='word_1_63' title='bbox 1218 847 1294 891; x_wconf 88' lang='lat' dir='ltr'>ubi</span> <span class='ocrx_word' id='word_1_64' title='bbox 1338 846 1710 893; x_wconf 87' lang='lat' dir='ltr'>decussationem</span> <span class='ocrx_word' id='word_1_65' title='bbox 1751 846 1849 893; x_wconf 87' lang='lat' dir='ltr'>fieri</span> 
     </span>
     <span class='ocr_line' id='line_1_10' title="bbox 221 912 1849 975; baseline -0.001 -14"><span class='ocrx_word' id='word_1_66' title='bbox 221 917 372 962; x_wconf 83' lang='lat' dir='ltr'>statim</span> <span class='ocrx_word' id='word_1_67' title='bbox 408 914 668 974; x_wconf 83' lang='lat' dir='ltr'>diligentius</span> <span class='ocrx_word' id='word_1_68' title='bbox 703 912 1039 968; x_wconf 86' lang='lat' dir='ltr'>illustrabimus,</span> <span class='ocrx_word' id='word_1_69' title='bbox 1076 920 1416 968; x_wconf 88' lang='lat' dir='ltr'>convertuntur,</span> <span class='ocrx_word' id='word_1_70' title='bbox 1456 915 1609 975; x_wconf 83' lang='lat' dir='ltr'>ibique</span> <span class='ocrx_word' id='word_1_71' title='bbox 1641 929 1700 960; x_wconf 81' lang='lat' dir='ltr'>ex</span> <span class='ocrx_word' id='word_1_72' title='bbox 1735 930 1849 961; x_wconf 89' lang='lat' dir='ltr'>con-</span> 
     </span>
     <span class='ocr_line' id='line_1_11' title="bbox 221 984 600 1045; baseline -0.013 -15"><span class='ocrx_word' id='word_1_73' title='bbox 221 990 384 1045; x_wconf 88' lang='lat' dir='ltr'>spectu</span> <span class='ocrx_word' id='word_1_74' title='bbox 419 984 600 1028; x_wconf 83' lang='lat' dir='ltr'>abeunt.</span> 
     </span>
    </p>

    <p class='ocr_par' dir='ltr' id='par_1_3' title="bbox 218 1047 1850 1716">
     <span class='ocr_line' id='line_1_12' title="bbox 358 1047 1848 1109; baseline -0.001 -13"><span class='ocrx_word' id='word_1_75' title='bbox 358 1049 430 1096; x_wconf 88' lang='lat' dir='ltr'>Ad</span> <span class='ocrx_word' id='word_1_76' title='bbox 463 1050 685 1109; x_wconf 88' lang='lat' dir='ltr'>reliquam</span> <span class='ocrx_word' id='word_1_77' title='bbox 720 1062 921 1093; x_wconf 80' lang='lat' dir='ltr'>massam</span> <span class='ocrx_word' id='word_1_78' title='bbox 959 1047 1210 1103; x_wconf 88' lang='lat' dir='ltr'>cineream,</span> <span class='ocrx_word' id='word_1_79' title='bbox 1260 1049 1306 1092; x_wconf 92' lang='lat' dir='ltr'>in</span> <span class='ocrx_word' id='word_1_80' title='bbox 1346 1063 1509 1095; x_wconf 87' lang='lat' dir='ltr'>omnes</span> <span class='ocrx_word' id='word_1_81' title='bbox 1545 1050 1848 1109; x_wconf 80' lang='lat' dir='ltr'>regiones-li-</span> 
     </span>
     <span class='ocr_line' id='line_1_13' title="bbox 219 1115 1849 1174; baseline -0.001 -10"><span class='ocrx_word' id='word_1_82' title='bbox 219 1119 321 1164; x_wconf 86' lang='lat' dir='ltr'>neis</span> <span class='ocrx_word' id='word_1_83' title='bbox 352 1119 426 1164; x_wconf 77' lang='lat' dir='ltr'>vel</span> <span class='ocrx_word' id='word_1_84' title='bbox 461 1116 754 1162; x_wconf 84' lang='lat' dir='ltr'>brevioribus</span> <span class='ocrx_word' id='word_1_85' title='bbox 793 1116 865 1160; x_wconf 83' lang='lat' dir='ltr'>vel</span> <span class='ocrx_word' id='word_1_86' title='bbox 911 1115 1196 1174; x_wconf 74' lang='lat' dir='ltr'>longioribus</span> <span class='ocrx_word' id='word_1_87' title='bbox 1242 1130 1359 1161; x_wconf 89' lang='lat' dir='ltr'>nunc</span> <span class='ocrx_word' id='word_1_88' title='bbox 1401 1117 1572 1163; x_wconf 87' lang='lat' dir='ltr'>crassis</span> <span class='ocrx_word' id='word_1_89' title='bbox 1626 1132 1746 1163; x_wconf 91' lang='lat' dir='ltr'>nunc</span> <span class='ocrx_word' id='word_1_90' title='bbox 1781 1123 1849 1162; x_wconf 88' lang='lat' dir='ltr'>te-</span> 
     </span>
     <span class='ocr_line' id='line_1_14' title="bbox 219 1182 1850 1246; baseline -0.002 -14"><span class='ocrx_word' id='word_1_91' title='bbox 219 1186 387 1232; x_wconf 88' lang='lat' dir='ltr'>nuibus</span> <span class='ocrx_word' id='word_1_92' title='bbox 420 1190 716 1246; x_wconf 83' lang='lat' dir='ltr'>penetratam,</span> <span class='ocrx_word' id='word_1_93' title='bbox 755 1182 793 1228; x_wconf 89' lang='lat' dir='ltr'>si</span> <span class='ocrx_word' id='word_1_94' title='bbox 827 1183 985 1227; x_wconf 89' lang='lat' dir='ltr'>oculos</span> <span class='ocrx_word' id='word_1_95' title='bbox 1022 1183 1288 1241; x_wconf 87' lang='lat' dir='ltr'>conjeceris,</span> <span class='ocrx_word' id='word_1_96' title='bbox 1322 1184 1537 1238; x_wconf 89' lang='lat' dir='ltr'>rationes,</span> <span class='ocrx_word' id='word_1_97' title='bbox 1576 1200 1695 1245; x_wconf 90' lang='lat' dir='ltr'>quae</span> <span class='ocrx_word' id='word_1_98' title='bbox 1729 1185 1850 1230; x_wconf 85' lang='lat' dir='ltr'>offe-</span> 
     </span>
     <span class='ocr_line' id='line_1_15' title="bbox 219 1249 1850 1312; baseline -0.001 -13"><span class='ocrx_word' id='word_1_99' title='bbox 219 1260 403 1309; x_wconf 86' lang='lat' dir='ltr'>runtur,</span> <span class='ocrx_word' id='word_1_100' title='bbox 443 1252 501 1297; x_wconf 91' lang='lat' dir='ltr'>ad</span> <span class='ocrx_word' id='word_1_101' title='bbox 549 1251 898 1312; x_wconf 86' lang='lat' dir='ltr'>dispositionem</span> <span class='ocrx_word' id='word_1_102' title='bbox 955 1249 1292 1310; x_wconf 85' lang='lat' dir='ltr'>decursumque</span> <span class='ocrx_word' id='word_1_103' title='bbox 1339 1257 1385 1295; x_wconf 86' lang='lat' dir='ltr'>et</span> <span class='ocrx_word' id='word_1_104' title='bbox 1429 1265 1687 1298; x_wconf 82' lang='lat' dir='ltr'>connexum</span> <span class='ocrx_word' id='word_1_105' title='bbox 1725 1251 1850 1312; x_wconf 89' lang='lat' dir='ltr'>quod</span> 
     </span>
     <span class='ocr_line' id='line_1_16' title="bbox 220 1317 1848 1380; baseline -0.002 -13"><span class='ocrx_word' id='word_1_106' title='bbox 220 1322 389 1377; x_wconf 83' lang='lat' dir='ltr'>attinet,</span> <span class='ocrx_word' id='word_1_107' title='bbox 422 1321 568 1379; x_wconf 89' lang='lat' dir='ltr'>magis</span> <span class='ocrx_word' id='word_1_108' title='bbox 601 1317 896 1378; x_wconf 78' lang='lat' dir='ltr'>complicitae,</span> <span class='ocrx_word' id='word_1_109' title='bbox 931 1319 1068 1363; x_wconf 91' lang='lat' dir='ltr'>immo</span> <span class='ocrx_word' id='word_1_110' title='bbox 1103 1318 1288 1363; x_wconf 84' lang='lat' dir='ltr'>omnino</span> <span class='ocrx_word' id='word_1_111' title='bbox 1322 1319 1673 1375; x_wconf 82' lang='lat' dir='ltr'>inextricabiles,</span> <span class='ocrx_word' id='word_1_112' title='bbox 1701 1334 1848 1380; x_wconf 88' lang='lat' dir='ltr'>appa-</span> 
     </span>
     <span class='ocr_line' id='line_1_17' title="bbox 220 1385 1849 1447; baseline -0.002 -12"><span class='ocrx_word' id='word_1_113' title='bbox 220 1395 332 1435; x_wconf 89' lang='lat' dir='ltr'>rent.</span> <span class='ocrx_word' id='word_1_114' title='bbox 406 1390 519 1434; x_wconf 89' lang='lat' dir='ltr'>Rete</span> <span class='ocrx_word' id='word_1_115' title='bbox 551 1387 671 1431; x_wconf 88' lang='lat' dir='ltr'>euim</span> <span class='ocrx_word' id='word_1_116' title='bbox 704 1385 956 1444; x_wconf 77' lang='lat' dir='ltr'>irregulare</span> <span class='ocrx_word' id='word_1_117' title='bbox 989 1386 1132 1431; x_wconf 89' lang='lat' dir='ltr'>oeulis</span> <span class='ocrx_word' id='word_1_118' title='bbox 1169 1386 1425 1446; x_wconf 88' lang='lat' dir='ltr'>opponitur,</span> <span class='ocrx_word' id='word_1_119' title='bbox 1460 1386 1505 1430; x_wconf 91' lang='lat' dir='ltr'>in</span> <span class='ocrx_word' id='word_1_120' title='bbox 1538 1402 1630 1447; x_wconf 90' lang='lat' dir='ltr'>quo</span> <span class='ocrx_word' id='word_1_121' title='bbox 1665 1387 1849 1447; x_wconf 89' lang='lat' dir='ltr'>quidem</span> 
     </span>
     <span class='ocr_line' id='line_1_18' title="bbox 220 1453 1847 1514; baseline -0.001 -12"><span class='ocrx_word' id='word_1_122' title='bbox 220 1458 342 1502; x_wconf 89' lang='lat' dir='ltr'>nulla</span> <span class='ocrx_word' id='word_1_123' title='bbox 367 1456 596 1501; x_wconf 83' lang='lat' dir='ltr'>elementa</span> <span class='ocrx_word' id='word_1_124' title='bbox 620 1453 907 1513; x_wconf 81' lang='lat' dir='ltr'>morphotica</span> <span class='ocrx_word' id='word_1_125' title='bbox 934 1460 1160 1514; x_wconf 85' lang='lat' dir='ltr'>separata,</span> <span class='ocrx_word' id='word_1_126' title='bbox 1190 1454 1327 1499; x_wconf 89' lang='lat' dir='ltr'>certis</span> <span class='ocrx_word' id='word_1_127' title='bbox 1358 1454 1571 1500; x_wconf 89' lang='lat' dir='ltr'>limitibus</span> <span class='ocrx_word' id='word_1_128' title='bbox 1598 1455 1847 1509; x_wconf 80' lang='lat' dir='ltr'>terminata,</span> 
     </span>
     <span class='ocr_line' id='line_1_19' title="bbox 221 1521 1850 1585; baseline -0.002 -15"><span class='ocrx_word' id='word_1_129' title='bbox 221 1524 450 1585; x_wconf 84' lang='lat' dir='ltr'>dispicere</span> <span class='ocrx_word' id='word_1_130' title='bbox 485 1537 639 1583; x_wconf 85' lang='lat' dir='ltr'>queas.</span> <span class='ocrx_word' id='word_1_131' title='bbox 702 1522 859 1581; x_wconf 88' lang='lat' dir='ltr'>Itaque</span> <span class='ocrx_word' id='word_1_132' title='bbox 900 1522 1110 1580; x_wconf 86' lang='lat' dir='ltr'>longiore</span> <span class='ocrx_word' id='word_1_133' title='bbox 1156 1536 1272 1582; x_wconf 87' lang='lat' dir='ltr'>opus</span> <span class='ocrx_word' id='word_1_134' title='bbox 1317 1527 1389 1567; x_wconf 91' lang='lat' dir='ltr'>est</span> <span class='ocrx_word' id='word_1_135' title='bbox 1424 1521 1772 1577; x_wconf 84' lang='lat' dir='ltr'>observatione,</span> <span class='ocrx_word' id='word_1_136' title='bbox 1812 1522 1850 1567; x_wconf 87' lang='lat' dir='ltr'>si</span> 
     </span>
     <span class='ocr_line' id='line_1_20' title="bbox 220 1589 1846 1653; baseline -0.003 -15"><span class='ocrx_word' id='word_1_137' title='bbox 220 1594 322 1653; x_wconf 88' lang='lat' dir='ltr'>quis</span> <span class='ocrx_word' id='word_1_138' title='bbox 356 1606 435 1647; x_wconf 90' lang='lat' dir='ltr'>ea,</span> <span class='ocrx_word' id='word_1_139' title='bbox 478 1605 595 1651; x_wconf 85' lang='lat' dir='ltr'>quae</span> <span class='ocrx_word' id='word_1_140' title='bbox 633 1595 899 1635; x_wconf 84' lang='lat' dir='ltr'>constanter</span> <span class='ocrx_word' id='word_1_141' title='bbox 931 1589 975 1633; x_wconf 91' lang='lat' dir='ltr'>in</span> <span class='ocrx_word' id='word_1_142' title='bbox 1013 1589 1226 1635; x_wconf 87' lang='lat' dir='ltr'>omnibus</span> <span class='ocrx_word' id='word_1_143' title='bbox 1264 1589 1514 1648; x_wconf 87' lang='lat' dir='ltr'>segmentis</span> <span class='ocrx_word' id='word_1_144' title='bbox 1548 1590 1846 1650; x_wconf 88' lang='lat' dir='ltr'>reperiuntur,</span> 
     </span>
     <span class='ocr_line' id='line_1_21' title="bbox 218 1656 1846 1716; baseline -0.003 -11"><span class='ocrx_word' id='word_1_145' title='bbox 218 1660 264 1705; x_wconf 84' lang='lat' dir='ltr'>in</span> <span class='ocrx_word' id='word_1_146' title='bbox 300 1666 454 1706; x_wconf 87' lang='lat' dir='ltr'>certos</span> <span class='ocrx_word' id='word_1_147' title='bbox 491 1658 677 1703; x_wconf 87' lang='lat' dir='ltr'>redacta</span> <span class='ocrx_word' id='word_1_148' title='bbox 705 1657 892 1702; x_wconf 83' lang='lat' dir='ltr'>ordines</span> <span class='ocrx_word' id='word_1_149' title='bbox 927 1656 1140 1715; x_wconf 85' lang='lat' dir='ltr'>digerere</span> <span class='ocrx_word' id='word_1_150' title='bbox 1181 1664 1318 1716; x_wconf 88' lang='lat' dir='ltr'>atque</span> <span class='ocrx_word' id='word_1_151' title='bbox 1351 1656 1616 1702; x_wconf 87' lang='lat' dir='ltr'>discernere</span> <span class='ocrx_word' id='word_1_152' title='bbox 1641 1657 1846 1702; x_wconf 85' lang='lat' dir='ltr'>voluerit.</span> 
     </span>
    </p>

    <p class='ocr_par' dir='ltr' id='par_1_4' title="bbox 217 1724 1851 2921">
     <span class='ocr_line' id='line_1_22' title="bbox 352 1724 1850 1785; baseline -0.003 -12"><span class='ocrx_word' id='word_1_153' title='bbox 352 1727 411 1773; x_wconf 87' lang='lat' dir='ltr'>At</span> <span class='ocrx_word' id='word_1_154' title='bbox 447 1725 646 1772; x_wconf 91' lang='lat' dir='ltr'>omnium</span> <span class='ocrx_word' id='word_1_155' title='bbox 679 1731 831 1770; x_wconf 85' lang='lat' dir='ltr'>tamen</span> <span class='ocrx_word' id='word_1_156' title='bbox 874 1724 1071 1785; x_wconf 73' lang='lat' dir='ltr'>maxime</span> <span class='ocrx_word' id='word_1_157' title='bbox 1106 1725 1404 1784; x_wconf 88' lang='lat' dir='ltr'>conspicuum</span> <span class='ocrx_word' id='word_1_158' title='bbox 1441 1731 1579 1784; x_wconf 90' lang='lat' dir='ltr'>atque</span> <span class='ocrx_word' id='word_1_159' title='bbox 1628 1725 1689 1770; x_wconf 90' lang='lat' dir='ltr'>ob</span> <span class='ocrx_word' id='word_1_160' title='bbox 1739 1739 1850 1784; x_wconf 89' lang='lat' dir='ltr'>pro-</span> 
     </span>
     <span class='ocr_line' id='line_1_23' title="bbox 217 1791 1851 1856; baseline -0.003 -15"><span class='ocrx_word' id='word_1_161' title='bbox 217 1796 363 1856; x_wconf 89' lang='lat' dir='ltr'>priam</span> <span class='ocrx_word' id='word_1_162' title='bbox 397 1810 451 1840; x_wconf 89' lang='lat' dir='ltr'>ac</span> <span class='ocrx_word' id='word_1_163' title='bbox 485 1794 762 1855; x_wconf 88' lang='lat' dir='ltr'>peculiarem</span> <span class='ocrx_word' id='word_1_164' title='bbox 789 1791 1198 1851; x_wconf 81' lang='lat' dir='ltr'>configurationem</span> <span class='ocrx_word' id='word_1_165' title='bbox 1233 1792 1393 1837; x_wconf 89' lang='lat' dir='ltr'>summi</span> <span class='ocrx_word' id='word_1_166' title='bbox 1419 1791 1636 1837; x_wconf 88' lang='lat' dir='ltr'>momenti</span> <span class='ocrx_word' id='word_1_167' title='bbox 1670 1792 1851 1837; x_wconf 88' lang='lat' dir='ltr'>videtur</span> 
     </span>
     <span class='ocr_line' id='line_1_24' title="bbox 219 1859 1848 1924; baseline -0.004 -14"><span class='ocrx_word' id='word_1_168' title='bbox 219 1863 453 1924; x_wconf 88' lang='lat' dir='ltr'>quoddam</span> <span class='ocrx_word' id='word_1_169' title='bbox 478 1862 796 1908; x_wconf 89' lang='lat' dir='ltr'>fasciculorum</span> <span class='ocrx_word' id='word_1_170' title='bbox 823 1866 1037 1919; x_wconf 65' lang='lat' dir='ltr'>systema,</span> <span class='ocrx_word' id='word_1_171' title='bbox 1065 1859 1190 1919; x_wconf 90' lang='lat' dir='ltr'>quod</span> <span class='ocrx_word' id='word_1_172' title='bbox 1216 1859 1321 1905; x_wconf 90' lang='lat' dir='ltr'>inde</span> <span class='ocrx_word' id='word_1_173' title='bbox 1342 1874 1367 1904; x_wconf 90' lang='lat' dir='ltr'>a</span> <span class='ocrx_word' id='word_1_174' title='bbox 1385 1859 1581 1905; x_wconf 88' lang='lat' dir='ltr'>medulla</span> <span class='ocrx_word' id='word_1_175' title='bbox 1600 1860 1848 1918; x_wconf 87' lang='lat' dir='ltr'>oblongata</span> 
     </span>
     <span class='ocr_line' id='line_1_25' title="bbox 217 1927 1849 1992; baseline -0.003 -15"><span class='ocrx_word' id='word_1_176' title='bbox 217 1945 366 1992; x_wconf 88' lang='lat' dir='ltr'>usque</span> <span class='ocrx_word' id='word_1_177' title='bbox 405 1930 463 1975; x_wconf 89' lang='lat' dir='ltr'>ad</span> <span class='ocrx_word' id='word_1_178' title='bbox 509 1929 631 1974; x_wconf 89' lang='lat' dir='ltr'>filum</span> <span class='ocrx_word' id='word_1_179' title='bbox 677 1928 912 1973; x_wconf 87' lang='lat' dir='ltr'>terminale</span> <span class='ocrx_word' id='word_1_180' title='bbox 963 1933 1240 1982; x_wconf 78' lang='lat' dir='ltr'>extremum,</span> <span class='ocrx_word' id='word_1_181' title='bbox 1284 1927 1371 1972; x_wconf 89' lang='lat' dir='ltr'>etsi</span> <span class='ocrx_word' id='word_1_182' title='bbox 1406 1928 1552 1986; x_wconf 87' lang='lat' dir='ltr'>magis</span> <span class='ocrx_word' id='word_1_183' title='bbox 1610 1928 1849 1987; x_wconf 87' lang='lat' dir='ltr'>magisque</span> 
     </span>
     <span class='ocr_line' id='line_1_26' title="bbox 218 1994 1850 2055; baseline -0.004 -10"><span class='ocrx_word' id='word_1_184' title='bbox 218 2004 527 2051; x_wconf 79' lang='lat' dir='ltr'>extenuatum,</span> <span class='ocrx_word' id='word_1_185' title='bbox 566 1997 611 2041; x_wconf 90' lang='lat' dir='ltr'>in</span> <span class='ocrx_word' id='word_1_186' title='bbox 647 1996 811 2055; x_wconf 77' lang='lat' dir='ltr'>quovis</span> <span class='ocrx_word' id='word_1_187' title='bbox 845 2001 1086 2053; x_wconf 88' lang='lat' dir='ltr'>segmento</span> <span class='ocrx_word' id='word_1_188' title='bbox 1120 2001 1388 2040; x_wconf 86' lang='lat' dir='ltr'>transverso</span> <span class='ocrx_word' id='word_1_189' title='bbox 1416 1994 1618 2048; x_wconf 90' lang='lat' dir='ltr'>recurrit,</span> <span class='ocrx_word' id='word_1_190' title='bbox 1653 2001 1699 2038; x_wconf 91' lang='lat' dir='ltr'>et</span> <span class='ocrx_word' id='word_1_191' title='bbox 1739 2008 1850 2054; x_wconf 90' lang='lat' dir='ltr'>pro-</span> 
     </span>
     <span class='ocr_line' id='line_1_27' title="bbox 221 2060 1850 2127; baseline -0.004 -16"><span class='ocrx_word' id='word_1_192' title='bbox 221 2073 325 2127; x_wconf 88' lang='lat' dir='ltr'>pter</span> <span class='ocrx_word' id='word_1_193' title='bbox 360 2065 605 2110; x_wconf 89' lang='lat' dir='ltr'>decursum</span> <span class='ocrx_word' id='word_1_194' title='bbox 641 2077 823 2122; x_wconf 89' lang='lat' dir='ltr'>semper</span> <span class='ocrx_word' id='word_1_195' title='bbox 872 2062 959 2107; x_wconf 91' lang='lat' dir='ltr'>sibi</span> <span class='ocrx_word' id='word_1_196' title='bbox 993 2068 1279 2107; x_wconf 88' lang='lat' dir='ltr'>constantem</span> <span class='ocrx_word' id='word_1_197' title='bbox 1315 2067 1360 2106; x_wconf 91' lang='lat' dir='ltr'>et</span> <span class='ocrx_word' id='word_1_198' title='bbox 1392 2062 1594 2106; x_wconf 91' lang='lat' dir='ltr'>colorem</span> <span class='ocrx_word' id='word_1_199' title='bbox 1635 2075 1695 2106; x_wconf 79' lang='lat' dir='ltr'>ex</span> <span class='ocrx_word' id='word_1_200' title='bbox 1732 2060 1850 2106; x_wconf 88' lang='lat' dir='ltr'>acidi</span> 
     </span>
     <span class='ocr_line' id='line_1_28' title="bbox 219 2128 1851 2189; baseline -0.004 -10"><span class='ocrx_word' id='word_1_201' title='bbox 219 2132 437 2179; x_wconf 89' lang='lat' dir='ltr'>chromici</span> <span class='ocrx_word' id='word_1_202' title='bbox 489 2131 660 2176; x_wconf 85' lang='lat' dir='ltr'>effectu</span> <span class='ocrx_word' id='word_1_203' title='bbox 705 2128 951 2178; x_wconf 85' lang='lat' dir='ltr'>admodum</span> <span class='ocrx_word' id='word_1_204' title='bbox 1002 2130 1175 2174; x_wconf 82' lang='lat' dir='ltr'>fuscum</span> <span class='ocrx_word' id='word_1_205' title='bbox 1220 2128 1529 2189; x_wconf 89' lang='lat' dir='ltr'>persequendi</span> <span class='ocrx_word' id='word_1_206' title='bbox 1575 2134 1851 2189; x_wconf 88' lang='lat' dir='ltr'>potestatem</span> 
     </span>
     <span class='ocr_line' id='line_1_29' title="bbox 219 2195 1851 2258; baseline -0.004 -12"><span class='ocrx_word' id='word_1_207' title='bbox 219 2202 337 2246; x_wconf 89' lang='lat' dir='ltr'>facit.</span> <span class='ocrx_word' id='word_1_208' title='bbox 387 2199 521 2254; x_wconf 88' lang='lat' dir='ltr'>Quod</span> <span class='ocrx_word' id='word_1_209' title='bbox 543 2204 746 2258; x_wconf 67' lang='lat' dir='ltr'>systema</span> <span class='ocrx_word' id='word_1_210' title='bbox 773 2211 799 2242; x_wconf 86' lang='lat' dir='ltr'>a</span> <span class='ocrx_word' id='word_1_211' title='bbox 828 2196 1110 2240; x_wconf 77' lang='lat' dir='ltr'>Blattmann</span> <span class='ocrx_word' id='word_1_212' title='bbox 1132 2196 1208 2256; x_wconf 79' lang='lat'>12)</span> <span class='ocrx_word' id='word_1_213' title='bbox 1248 2197 1393 2256; x_wconf 87' lang='lat' dir='ltr'>primo</span> <span class='ocrx_word' id='word_1_214' title='bbox 1420 2196 1603 2241; x_wconf 90' lang='lat' dir='ltr'>nomine</span> <span class='ocrx_word' id='word_1_215' title='bbox 1639 2195 1851 2250; x_wconf 88' lang='lat' dir='ltr'>„fasci-</span> 
     </span>
     <span class='ocr_line' id='line_1_30' title="bbox 220 2262 1849 2325; baseline -0.005 -11"><span class='ocrx_word' id='word_1_216' title='bbox 220 2268 332 2315; x_wconf 90' lang='lat' dir='ltr'>culi</span> <span class='ocrx_word' id='word_1_217' title='bbox 376 2265 720 2312; x_wconf 85' lang='lat' dir='ltr'>decussati“</span> <span class='ocrx_word' id='word_1_218' title='bbox 777 2262 1263 2325; x_wconf 84' lang='lat' dir='ltr'>(Kreuzungsb&#39;undel)</span> <span class='ocrx_word' id='word_1_219' title='bbox 1304 2270 1376 2309; x_wconf 87' lang='lat' dir='ltr'>est</span> <span class='ocrx_word' id='word_1_220' title='bbox 1410 2263 1699 2324; x_wconf 87' lang='lat' dir='ltr'>descriptum.</span> <span class='ocrx_word' id='word_1_221' title='bbox 1767 2263 1849 2316; x_wconf 85' lang='lat' dir='ltr'>Qui</span> 
     </span>
     <span class='ocr_line' id='line_1_31' title="bbox 220 2329 1850 2392; baseline -0.004 -11"><span class='ocrx_word' id='word_1_222' title='bbox 220 2336 291 2381; x_wconf 82' lang='lat' dir='ltr'>vir</span> <span class='ocrx_word' id='word_1_223' title='bbox 316 2335 493 2388; x_wconf 90' lang='lat' dir='ltr'>doctus,</span> <span class='ocrx_word' id='word_1_224' title='bbox 527 2334 632 2378; x_wconf 83' lang='lat' dir='ltr'>licet</span> <span class='ocrx_word' id='word_1_225' title='bbox 664 2330 1016 2386; x_wconf 85' lang='lat' dir='ltr'>difficultatibus,</span> <span class='ocrx_word' id='word_1_226' title='bbox 1054 2346 1171 2391; x_wconf 90' lang='lat' dir='ltr'>quae</span> <span class='ocrx_word' id='word_1_227' title='bbox 1197 2337 1577 2392; x_wconf 87' lang='lat' dir='ltr'>praeparatorum</span> <span class='ocrx_word' id='word_1_228' title='bbox 1603 2329 1850 2376; x_wconf 89' lang='lat' dir='ltr'>recentium</span> 
     </span>
     <span class='ocr_line' id='line_1_32' title="bbox 220 2398 1850 2464; baseline -0.004 -16"><span class='ocrx_word' id='word_1_229' title='bbox 220 2401 499 2464; x_wconf 87' lang='lat' dir='ltr'>inquisitioni</span> <span class='ocrx_word' id='word_1_230' title='bbox 539 2405 857 2461; x_wconf 89' lang='lat' dir='ltr'>opponuntur,</span> <span class='ocrx_word' id='word_1_231' title='bbox 912 2399 1171 2445; x_wconf 84' lang='lat' dir='ltr'>felicissime</span> <span class='ocrx_word' id='word_1_232' title='bbox 1198 2399 1426 2459; x_wconf 88' lang='lat' dir='ltr'>superatis</span> <span class='ocrx_word' id='word_1_233' title='bbox 1465 2398 1746 2444; x_wconf 88' lang='lat' dir='ltr'>anatomicas</span> <span class='ocrx_word' id='word_1_234' title='bbox 1780 2398 1850 2442; x_wconf 85' lang='lat' dir='ltr'>sa-</span> 
     </span>
     <span class='ocr_line' id='line_1_33' title="bbox 222 2464 1849 2527; baseline -0.006 -10"><span class='ocrx_word' id='word_1_235' title='bbox 222 2471 517 2523; x_wconf 87' lang='lat' dir='ltr'>sciculorum,</span> <span class='ocrx_word' id='word_1_236' title='bbox 556 2468 615 2513; x_wconf 93' lang='lat' dir='ltr'>de</span> <span class='ocrx_word' id='word_1_237' title='bbox 647 2467 813 2527; x_wconf 88' lang='lat' dir='ltr'>quibus</span> <span class='ocrx_word' id='word_1_238' title='bbox 859 2467 1030 2525; x_wconf 87' lang='lat' dir='ltr'>agitur,</span> <span class='ocrx_word' id='word_1_239' title='bbox 1071 2468 1273 2512; x_wconf 86' lang='lat' dir='ltr'>rationes</span> <span class='ocrx_word' id='word_1_240' title='bbox 1317 2467 1432 2511; x_wconf 89' lang='lat' dir='ltr'>mira</span> <span class='ocrx_word' id='word_1_241' title='bbox 1479 2481 1580 2512; x_wconf 92' lang='lat' dir='ltr'>cum</span> <span class='ocrx_word' id='word_1_242' title='bbox 1618 2464 1849 2524; x_wconf 87' lang='lat' dir='ltr'>diligentia</span> 
     </span>
     <span class='ocr_line' id='line_1_34' title="bbox 221 2534 1849 2599; baseline -0.004 -15"><span class='ocrx_word' id='word_1_243' title='bbox 221 2543 495 2599; x_wconf 88' lang='lat' dir='ltr'>persecutus</span> <span class='ocrx_word' id='word_1_244' title='bbox 530 2536 586 2581; x_wconf 86' lang='lat' dir='ltr'>sit</span> <span class='ocrx_word' id='word_1_245' title='bbox 619 2540 755 2595; x_wconf 82' lang='lat' dir='ltr'>atque</span> <span class='ocrx_word' id='word_1_246' title='bbox 791 2534 1129 2594; x_wconf 79' lang='lat' dir='ltr'>explanaverit‚</span> <span class='ocrx_word' id='word_1_247' title='bbox 1163 2541 1328 2589; x_wconf 89' lang='lat' dir='ltr'>tamen,</span> <span class='ocrx_word' id='word_1_248' title='bbox 1369 2549 1508 2595; x_wconf 89' lang='lat' dir='ltr'>quum</span> <span class='ocrx_word' id='word_1_249' title='bbox 1547 2538 1849 2594; x_wconf 89' lang='lat' dir='ltr'>praeparato-</span> 
     </span>
     <span class='ocr_line' id='line_1_35' title="bbox 223 2599 1849 2662; baseline -0.004 -11"><span class='ocrx_word' id='word_1_250' title='bbox 223 2620 322 2651; x_wconf 88' lang='lat' dir='ltr'>rum</span> <span class='ocrx_word' id='word_1_251' title='bbox 358 2603 616 2655; x_wconf 90' lang='lat' dir='ltr'>obduratio,</span> <span class='ocrx_word' id='word_1_252' title='bbox 652 2616 679 2647; x_wconf 93' lang='lat' dir='ltr'>a</span> <span class='ocrx_word' id='word_1_253' title='bbox 713 2607 967 2647; x_wconf 88' lang='lat' dir='ltr'>scrutatore</span> <span class='ocrx_word' id='word_1_254' title='bbox 1006 2601 1080 2646; x_wconf 93' lang='lat' dir='ltr'>illo</span> <span class='ocrx_word' id='word_1_255' title='bbox 1114 2602 1371 2662; x_wconf 88' lang='lat' dir='ltr'>repudiata,</span> <span class='ocrx_word' id='word_1_256' title='bbox 1405 2601 1464 2646; x_wconf 91' lang='lat' dir='ltr'>de</span> <span class='ocrx_word' id='word_1_257' title='bbox 1500 2601 1675 2646; x_wconf 90' lang='lat' dir='ltr'>illorum</span> <span class='ocrx_word' id='word_1_258' title='bbox 1711 2599 1849 2645; x_wconf 85' lang='lat' dir='ltr'>fasci-</span> 
     </span>
     <span class='ocr_line' id='line_1_36' title="bbox 222 2668 1849 2739; baseline -0.004 -21"><span class='ocrx_word' id='word_1_259' title='bbox 222 2673 428 2739; x_wconf 84' lang='lat' dir='ltr'>culorum</span> <span class='ocrx_word' id='word_1_260' title='bbox 465 2676 693 2716; x_wconf 76' lang='lat' dir='ltr'>structma</span> <span class='ocrx_word' id='word_1_261' title='bbox 727 2669 923 2714; x_wconf 82' lang='lat' dir='ltr'>certiora</span> <span class='ocrx_word' id='word_1_262' title='bbox 961 2669 1189 2728; x_wconf 87' lang='lat' dir='ltr'>quaedam</span> <span class='ocrx_word' id='word_1_263' title='bbox 1226 2683 1300 2715; x_wconf 92' lang='lat' dir='ltr'>me</span> <span class='ocrx_word' id='word_1_264' title='bbox 1332 2668 1587 2722; x_wconf 90' lang='lat' dir='ltr'>edocuerit,</span> <span class='ocrx_word' id='word_1_265' title='bbox 1622 2681 1764 2727; x_wconf 88' lang='lat' dir='ltr'>quae,</span> <span class='ocrx_word' id='word_1_266' title='bbox 1800 2673 1849 2711; x_wconf 85' lang='lat' dir='ltr'>ut</span> 
     </span>
     <span class='ocr_line' id='line_1_37' title="bbox 221 2733 1846 2807; baseline -0.004 -21"><span class='ocrx_word' id='word_1_267' title='bbox 221 2734 327 2786; x_wconf 87' lang='lat' dir='ltr'>mea</span> <span class='ocrx_word' id='word_1_268' title='bbox 363 2741 451 2785; x_wconf 85' lang='lat' dir='ltr'>sert</span> <span class='ocrx_word' id='word_1_269' title='bbox 483 2737 654 2798; x_wconf 91' lang='lat' dir='ltr'>opinio,</span> <span class='ocrx_word' id='word_1_270' title='bbox 703 2736 763 2781; x_wconf 88' lang='lat' dir='ltr'>ad</span> <span class='ocrx_word' id='word_1_271' title='bbox 796 2742 1003 2781; x_wconf 83' lang='lat' dir='ltr'>natuiam</span> <span class='ocrx_word' id='word_1_272' title='bbox 1046 2751 1230 2783; x_wconf 88' lang='lat' dir='ltr'>massae</span> <span class='ocrx_word' id='word_1_273' title='bbox 1268 2737 1479 2781; x_wconf 86' lang='lat' dir='ltr'>cinereae</span> <span class='ocrx_word' id='word_1_274' title='bbox 1516 2733 1846 2807; x_wconf 83' lang='lat' dir='ltr'>explorandam</span> 
     </span>
     <span class='ocr_line' id='line_1_38' title="bbox 222 2801 1845 2868; baseline -0.004 -16"><span class='ocrx_word' id='word_1_275' title='bbox 222 2806 346 2854; x_wconf 90' lang='lat' dir='ltr'>haud</span> <span class='ocrx_word' id='word_1_276' title='bbox 378 2820 538 2868; x_wconf 87' lang='lat' dir='ltr'>parum</span> <span class='ocrx_word' id='word_1_277' title='bbox 570 2805 744 2857; x_wconf 84' lang='lat' dir='ltr'>v,alent</span> <span class='ocrx_word' id='word_1_278' title='bbox 791 2803 899 2848; x_wconf 87' lang='lat' dir='ltr'>mihi</span> <span class='ocrx_word' id='word_1_279' title='bbox 935 2803 1024 2849; x_wconf 89' lang='lat' dir='ltr'>hoc</span> <span class='ocrx_word' id='word_1_280' title='bbox 1057 2805 1160 2849; x_wconf 92' lang='lat' dir='ltr'>loco</span> <span class='ocrx_word' id='word_1_281' title='bbox 1201 2804 1259 2849; x_wconf 90' lang='lat' dir='ltr'>de</span> <span class='ocrx_word' id='word_1_282' title='bbox 1297 2817 1369 2857; x_wconf 89' lang='lat' dir='ltr'>re,</span> <span class='ocrx_word' id='word_1_283' title='bbox 1410 2817 1546 2862; x_wconf 90' lang='lat' dir='ltr'>quam</span> <span class='ocrx_word' id='word_1_284' title='bbox 1582 2801 1845 2855; x_wconf 77' lang='lat' dir='ltr'>memoravi,</span> 
     </span>
     <span class='ocr_line' id='line_1_39' title="bbox 222 2872 805 2921; baseline -0.01 0"><span class='ocrx_word' id='word_1_285' title='bbox 222 2874 366 2921; x_wconf 88' lang='lat' dir='ltr'>fusius</span> <span class='ocrx_word' id='word_1_286' title='bbox 392 2873 622 2919; x_wconf 87' lang='lat' dir='ltr'>disserere</span> <span class='ocrx_word' id='word_1_287' title='bbox 660 2872 805 2917; x_wconf 89' lang='lat' dir='ltr'>liceat.</span> 
     </span>
    </p>
   </div>
   <div class='ocr_carea' id='block_1_3' title="bbox 317 3022 804 3077">
    <p class='ocr_par' dir='ltr' id='par_1_5' title="bbox 317 3022 804 3077">
     <span class='ocr_line' id='line_1_40' title="bbox 317 3022 804 3077; baseline -0.014 -8"><span class='ocrx_word' id='word_1_288' title='bbox 317 3026 379 3077; x_wconf 68' lang='lat'>12)</span> <span class='ocrx_word' id='word_1_289' title='bbox 424 3030 451 3068; x_wconf 72' lang='grc' dir='ltr'>ξ,</span> <span class='ocrx_word' id='word_1_290' title='bbox 477 3036 507 3064; x_wconf 68' lang='lat' dir='ltr'>o,</span> <span class='ocrx_word' id='word_1_291' title='bbox 535 3034 614 3072; x_wconf 67' lang='lat' dir='ltr'>pag.</span> <span class='ocrx_word' id='word_1_292' title='bbox 639 3022 804 3066; x_wconf 47' lang='grc' dir='ltr'>ἓως-*Νι</span> 
     </span>
    </p>
   </div>
  </div>
 </body>
</html>
