1991 3270
740 244 1074 295 &47-

110 380 209 426 axis
248 378 446 439 cylindri.
519 379 677 432 Locus,
718 394 810 439 quo
846 380 888 423 hi
925 380 1112 440 cylindri
1144 380 1306 425 lincam
1342 378 1534 424 mediam
1569 385 1720 425 trans-

109 454 235 500 eunt,
284 459 417 505 quem
457 446 691 491 transitum
725 447 784 490 ob
823 446 1064 492 decursum
1099 446 1325 506 paululum
1366 452 1623 499 arcuatum,
1661 445 1719 491 ab

109 514 252 559 altero
289 514 430 558 latere
464 512 522 557 ad
557 512 909 572 respondentem
947 514 1129 558 alterius
1162 514 1395 572 regionem
1432 513 1597 567 initum,
1636 512 1720 557 de-

109 579 380 626 cussationis
420 580 597 624 nomine
634 580 709 623 vix
753 580 905 625 dicere
953 595 1216 640 possumus,
1263 580 1426 625 eadem
1473 579 1717 633 altitudine,

109 661 198 706 qua
233 648 438 691 lamellae
475 647 591 691 telae
617 647 931 703 conjunctivae
968 648 1082 691 inter
1119 661 1167 691 se
1193 647 1508 700 decussantur,
1543 645 1720 706 positus

107 720 199 768 est,
236 714 311 758 ubi
350 713 532 773 quidem
575 714 667 771 jain
711 713 883 772 pridem
920 714 1219 758 commissura
1261 713 1589 773 quaerebatur,
1635 712 1719 758 sed

107 786 204 825 rete
244 780 564 825 densissimum
600 780 861 825 fibrillarnm
901 781 1000 840 piae
1039 781 1195 825 matris
1235 781 1333 825 axis
1369 778 1601 840 cylindros
1632 779 1721 824 hoc

106 848 208 892 loco
245 849 508 908 plerumque
542 862 578 904 ,e
616 853 865 906 conspectu
903 847 1123 893 subducit.
1194 848 1289 892 Hoc
1321 861 1432 891 vero
1472 852 1567 891 rete
1603 846 1719 891 den-
1780 892 1783 894 .

109 914 331 959 sissinium
368 915 673 973 conspicuum,
707 914 830 972 quod
869 928 894 958 e
936 916 1022 959 tela
1059 914 1348 971 conjunctiva
1387 920 1601 959 constare
1635 912 1719 958 de—

106 981 468 1033 monstravimus,
506 994 589 1039 pro
625 981 851 1024 anteriore
886 982 1184 1025 commissura
1218 995 1389 1026 ncrvea
1424 995 1516 1025 non
1541 980 1720 1025 haben-

108 1047 213 1092 dum
240 1062 356 1101 esse,
391 1053 573 1106 praeter
603 1061 671 1100 ea,
708 1061 823 1105 quac
859 1062 995 1106 supra
1039 1048 1244 1106 exposui,
1280 1047 1384 1092 inde
1410 1048 1568 1100 elucet,
1595 1046 1720 1106 quod

108 1113 228 1159 filum
266 1114 498 1158 terminale
524 1114 706 1158 omnino
733 1115 961 1158 cinereum
993 1120 1129 1173 atque
1161 1114 1308 1167 molle,
1345 1127 1587 1173 quousque
1625 1114 1718 1158 sul-

108 1195 208 1226 cum
250 1181 522 1226 anteriorem
573 1181 614 1223 in
661 1194 809 1239 eoque
851 1182 951 1240 piae
995 1181 1151 1225 matris
1196 1194 1463 1240 processum
1506 1179 1716 1234 ostendit,

107 1273 169 1281 —-
191 1249 265 1308 qui
293 1247 474 1308 quidem
500 1248 615 1292 ultra
641 1247 866 1292 dimidiam
901 1248 1192 1306 longitudinis
1228 1253 1403 1307 partem
1428 1246 1718 1307 conspiciun—

107 1322 179 1360 tur
219 1341 284 1348 -
318 1329 374 1360 co
418 1328 561 1374 usque
596 1320 641 1358 et
672 1314 1038 1360 decussationem
1074 1316 1207 1360 istam
1244 1314 1575 1373 fasciculosque
1611 1313 1717 1359 inde

107 1381 304 1428 decursu
338 1381 657 1427 semicirculari
682 1387 772 1427 tum
804 1382 1047 1427 introrsum
1084 1388 1171 1426 tum
1206 1381 1263 1426 ad
1297 1382 1573 1425 exteriorem
1599 1382 1717 1426 anti-

107 1463 298 1509 camque
339 1455 512 1509 partem
548 1448 788 1494 tendentes
826 1450 1064 1494 manifesto
1100 1450 1241 1493 oculis
1281 1448 1495 1508 proponit
1533 1446 1607 1509 (cf.
1643 1446 1715 1506 fig.

107 1516 153 1560 ΙΙ.
180 1517 268 1561 tab.
297 1514 419 1576 a(lj.).
490 1516 617 1569 Quae
656 1530 730 1561 res
766 1517 837 1560 vel
873 1517 982 1570 sola,
1017 1516 1050 1561 si
1092 1515 1273 1575 quidem
1308 1516 1432 1575 prius
1470 1515 1717 1560 observata

105 1589 251 1637 esset,
301 1583 424 1628 baud
467 1582 604 1627 dubie
641 1582 874 1628 docuisset
922 1583 1065 1628 lineas
1112 1589 1216 1642 post
1256 1582 1625 1627 decussationem
1659 1581 1717 1626 ad

105 1650 326 1695 funiculos
358 1650 611 1695 anteriores
656 1664 906 1695 conversas
949 1664 1235 1710 nequaquam
1268 1648 1485 1695 fibrarum
1520 1662 1717 1694 nervea-

106 1731 203 1762 rum
238 1718 540 1771 cinei-earum,
583 1717 769 1775 jamjam
801 1717 844 1760 in
880 1716 1022 1763 fibras
1057 1718 1171 1762 latas
1213 1717 1433 1776 albasque
1470 1715 1716 1775 longitudi-

105 1785 233 1828 nales
268 1783 723 1836 transmutandarum,
758 1798 876 1838 esse,
916 1785 1082 1844 quippe
1116 1799 1252 1843 quum
1283 1783 1372 1828 hoc
1407 1784 1520 1838 loco,
1555 1797 1717 1843 quam—

105 1850 174 1895 vis
201 1865 374 1896 summa
405 1851 634 1909 diligentia
674 1850 885 1905 adhibita,
925 1852 1041 1896 nulla
1078 1850 1193 1895 fibra
1219 1852 1309 1895 lata
1333 1849 1575 1895 medullam
1604 1864 1716 1894 con-

105 1918 252 1963 tinens
283 1917 565 1978 deprehendi
604 1918 809 1977 potuerit.
1237 1928 1239 1930 ·

241 1986 339 2030 Jam
368 1985 403 2030 si
429 1985 748 2045 phaenomena
781 1984 919 2028 modo
950 1983 1192 2042 descripta,
1222 1984 1263 2028 in
1291 1983 1538 2042 segmentis
1565 1989 1717 2028 trans-

101 2051 250 2097 versis
295 2052 507 2097 tenuibus
552 2051 756 2109 cognita,
795 2051 943 2111 qualia
981 2065 1063 2110 per
1096 2057 1236 2095 totam
1272 2050 1515 2095 medullam
1552 2064 1600 2094 se
1633 2064 1717 2094 ex—

102 2116 299 2173 hibeant,
337 2133 426 2164 uno
460 2119 621 2163 obtutu
645 2118 1024 2171 consideraveris,
1064 2118 1198 2162 talem
1226 2117 1448 2162 medullae
1476 2117 1717 2175 imaginem

102 2184 310 2230 habebis.
375 2186 482 2230 Piae
530 2186 687 2230 matris
741 2184 1083 2245 processusin
1130 2185 1302 2229 sulcum
1344 2183 1716 2242 longitudinalem

103 2252 378 2296 anteriorem
412 2266 558 2311 acque
595 2267 647 2296 ac
694 2252 821 2297 cultri
870 2252 992 2295 acies
1037 2250 1080 2294 in
1114 2249 1335 2295 manubrii
1376 2249 1587 2296 fissuram
1631 2251 1716 2294 im-

102 2332 280 2363 mersus
320 2318 619 2363 substantiam
654 2318 881 2362 cineream
921 2317 1123 2376 pluribus
1157 2317 1345 2361 lamellis
1379 2317 1603 2376 utrimque
1638 2330 1715 2360 or—

104 2385 209 2430 dine
247 2384 535 2444 symmetrico
572 2384 825 2444 dispositis,
865 2384 910 2427 in
945 2397 1060 2442 quas
1096 2397 1178 2442 per
1211 2383 1537 2441 longitudinem
1571 2381 1716 2427 diffis-

105 2467 182 2498 sus
221 2458 302 2506 est,
338 2457 557 2511 penetrat.
619 2451 744 2504 Quae
779 2451 995 2504 lamellae,
1030 2449 1074 2492 in
1108 2464 1263 2495 massa
1298 2450 1479 2494 cinerea
1516 2449 1715 2494 collicia-

104 2534 202 2565 rum
222 2518 280 2563 ad
305 2519 448 2564 instar
472 2519 677 2562 canalem
702 2518 944 2562 centralem
970 2530 1133 2561 versus
1154 2517 1428 2570 incurvatae,
1457 2515 1514 2561 ad
1538 2522 1716 2576 partem

103 2587 325 2647 posticam
349 2612 414 2619 —-
439 2586 597 2630 saltem
621 2585 664 2629 in
691 2585 926 2644 superiore
950 2582 1174 2628 medullae
1199 2584 1421 2643 portione,
1448 2583 1523 2628 ubi
1550 2589 1595 2628 et
1614 2583 1716 2642 plu-

105 2653 245 2698 rimae
271 2659 316 2698 et
339 2652 535 2697 maxime
561 2651 836 2711 conspicuae
858 2651 1024 2697 adsunt
1051 2677 1108 2682 —
1137 2652 1232 2695 fere
1258 2650 1316 2695 ad
1339 2650 1503 2694 lineam
1520 2649 1716 2695 mediam

104 2732 252 2779 usque
296 2719 547 2780 pertinent,
586 2724 786 2772 cunctae,
834 2719 870 2763 si
908 2719 953 2763 in
996 2732 1133 2762 unum
1169 2717 1433 2770 contuleris,
1468 2730 1716 2777 processus

105 2786 385 2832 latitudinem
411 2786 640 2846 aliquanto
673 2790 953 2845 superantes.
1010 2784 1175 2830 Harum
1200 2784 1476 2828 lamellarum
1510 2783 1714 2843 singulae

106 2867 201 2899 non
240 2853 484 2899 habendae
529 2859 632 2898 sunt
670 2866 754 2912 pro
797 2851 1074 2897 membranis
1123 2851 1307 2896 omnino
1350 2850 1596 2906 continuis,
1632 2849 1716 2896 sed

109 2933 194 2985 pro
227 2920 345 2966 telae
377 2920 666 2977 conjuntivae
712 2920 921 2979 portione
956 2918 1194 2972 densiore,
1227 2932 1254 2963 e
1302 2915 1431 2962 fibris
1466 2917 1715 2963 innumeris

111 2987 250 3034 altera
274 2988 480 3050 proxime
506 2987 694 3035 alteram
720 2986 816 3034 sitis
841 2986 1105 3049 composita,
1132 2985 1178 3031 in
1202 2998 1316 3048 quas
1339 2982 1481 3032 fibras
1495 2985 1598 3048 piae
1614 2996 1714 3032 ma*

1817 36 1958 105 355-
