1991 3270
848 213 1188 263 ...26-

353 347 530 403 Quibus
565 347 776 393 omnibus
812 348 981 407 optime
1021 361 1077 391 ea
1115 347 1371 401 concinunt,
1410 361 1529 407 quae
1562 346 1832 408 Clark-214)

212 416 272 462 de
305 416 488 461 cinerea
527 415 752 460 medullae
798 414 1089 459 animantium
1128 414 1415 473 superiorum
1461 414 1737 469 substantia,
1774 416 1837 460 uti

211 483 269 529 de
304 497 422 528 cono
455 481 691 528 medullari
728 482 865 536 vituli,
899 481 1107 541 exponit,
1154 481 1239 525 nisi
1287 480 1413 541 quod
1446 480 1487 524 in
1519 482 1838 528 mammalibus

212 550 469 610 avibusque
503 550 705 595 fasciculi
748 549 1020 603 transversi,
1066 562 1250 593 massae
1297 548 1508 593 cinereae
1543 550 1715 594 formae
1763 563 1838 594 re-

213 617 515 679 spondentes,
563 616 848 662 concavitate
892 630 974 662 sua
1017 615 1075 661 ad
1111 621 1287 676 partem
1330 622 1568 660 externam
1617 622 1836 676 spectant.

211 685 411 744 Egregie
453 684 523 738 vir
568 684 897 730 illustrissimus
937 683 1307 728 decussationem
1355 683 1399 727 in
1444 683 1555 728 sulci
1597 684 1838 729 anterioris

210 751 351 798 fundo
385 753 551 797 factam
588 752 835 797 delineavit
855 750 935 812 15)

350 819 573 880 Equidem
620 833 740 864 nunc
791 817 900 864 satis
953 817 1071 862 duco
1116 817 1318 863 rat10nes
1349 818 1631 863 anatomicas
1677 817 1838 863 harum

210 886 406 947 partium
450 900 861 940 commemorasse,
909 885 1303 939 conclusionibus,
1357 900 1472 945 quas
1515 885 1621 930 inde
1656 884 1840 929 efficere

212 955 381 1014 possis,
420 954 629 1014 sequenti
663 953 797 1013 capiti
833 953 1092 998 reservatis.
1158 953 1402 997 Praeterea
1438 967 1529 998 una
1556 953 1840 998 substantiae

211 1022 424 1067 cinereae
458 1022 588 1080 regio
630 1026 852 1080 superest,
890 1035 1020 1079 quae,
1059 1020 1092 1064 si
1132 1034 1157 1064 a
1195 1026 1449 1065 structurae
1476 1020 1726 1065 rationibus
1754 1019 1840 1064 hu—

211 1103 384 1149 cusque
416 1089 660 1148 descriptis
695 1088 979 1142 discesseris,
1019 1093 1065 1131 et
1102 1087 1214 1146 ipsa,
1253 1087 1417 1132 eadem
1450 1088 1647 1146 imagine
1673 1087 1840 1132 micro-

212 1157 398 1217 scopica
433 1170 515 1216 per
550 1162 694 1200 totum
727 1154 951 1199 medullae
989 1154 1231 1199 decursum
1275 1162 1549 1209 recurrente,
1586 1155 1840 1199 elemento-

210 1238 309 1270 rum
342 1224 438 1282 jam
471 1229 839 1276 memoratorum,
877 1223 913 1267 si
940 1236 1031 1266 non
1066 1221 1454 1278 conjunctionen‘i,
1493 1222 1841 1281 dispositionem

212 1297 365 1336 tamen
399 1291 580 1345 certius,
617 1304 755 1350 quam
795 1289 892 1334 aliis
930 1289 1052 1342 locis,
1094 1303 1365 1348 expressam
1403 1289 1613 1335 ostendit.
1654 1290 1840 1334 Lineam

209 1358 405 1404 mediam
438 1358 553 1403 dico.
626 1357 818 1403 Duobus
865 1357 985 1402 enim
1019 1356 1214 1401 dimidiis
1261 1358 1563 1417 symmetricis
1596 1356 1839 1402 medullam

211 1442 318 1472 esse
356 1426 659 1486 compositam
697 1425 832 1470 etiam
866 1425 911 1469 in
946 1424 1203 1470 substantia
1237 1425 1419 1470 cinerea
1457 1425 1576 1469 linea
1610 1426 1738 1470 fusca
1769 1424 1840 1468 in-

210 1494 416 1548 dicatur,
468 1507 586 1553 quae
631 1492 736 1538 inde
774 1507 800 1537 a
835 1491 1173 1537 decussationis
1208 1492 1310 1536 loco
1355 1493 1399 1537 in
1450 1492 1560 1538 sulci
1598 1492 1839 1537 anterioris

210 1561 350 1607 fundo
399 1561 550 1621 posito
600 1560 659 1605 ad
701 1560 880 1606 luminis
917 1560 1152 1605 canaliculi
1195 1560 1409 1605 centralis
1456 1559 1591 1605 finem
1629 1559 1837 1613 anticum,

211 1630 484 1689 longiusque
523 1629 580 1673 ab
614 1628 714 1686 ejus
754 1626 844 1672 fine
882 1628 1060 1687 postico
1104 1642 1250 1687 usque
1287 1627 1346 1672 ad
1380 1626 1575 1673 fissurae
1608 1626 1839 1687 posterio-

210 1697 273 1743 ris
311 1698 476 1757 planae
520 1695 705 1741 fundum
747 1695 957 1741 decurrit.
1030 1695 1174 1748 Quam
1216 1694 1382 1739 lineam
1418 1696 1590 1740 fuscam
1628 1694 1663 1739 si
1701 1708 1839 1739 accu-

211 1765 351 1810 ratius
385 1762 683 1817 consideres,
720 1762 763 1807 in
798 1763 897 1820 ejus
929 1768 1058 1823 parte
1093 1762 1241 1807 media
1284 1763 1526 1807 funiculum
1563 1761 1837 1807 crassiorem

210 1831 564 1885 animadvertas,
600 1830 676 1891 qui
712 1831 856 1876 lineas
876 1831 1053 1875 ‘tenues
1089 1831 1313 1884 laterales,
1350 1844 1465 1890 quas
1499 1829 1635 1874 veluti
1676 1828 1839 1874 adum-

208 1900 366 1945 bratas
403 1899 609 1953 dixerim,
650 1903 846 1957 utroque
888 1897 1087 1946 (limittit,
1133 1904 1178 1941 et
1216 1897 1416 1957 speciem
1452 1897 1646 1957 praebet
1681 1904 1837 1957 costae

208 1967 388 2012 mediae
436 1966 527 2011 folii
575 1980 677 2011 cum
723 1967 865 2011 costis
920 1965 977 2010 ad
1032 1966 1177 2010 latera
1231 1964 1524 2010 tendentibus
1558 1964 1835 2009 simillimam.

208 2036 335 2089 Quae
370 2034 518 2078 lineae
554 2034 780 2087 laterales,
817 2039 862 2077 et
888 2033 1017 2091 ipsae
1053 2034 1228 2077 ratione
1255 2047 1356 2076 cum
1383 2032 1619 2076 canaliculi
1654 2037 1837 2075 centra-

207 2103 262 2147 lis
294 2100 546 2161 parietibus
571 2100 862 2145 concentrica
898 2105 1134 2153 extensae,
1168 2098 1226 2143 ad
1262 2106 1439 2158 partem
1475 2099 1695 2158 posticam
1724 2112 1837 2143 cen-

207 2183 387 2223 versae,
420 2182 604 2213 massae
638 2167 757 2212 hanc
792 2168 1026 2226 regionem
1061 2167 1282 2212 obtinenti
1308 2167 1444 2211 talem
1479 2166 1678 2226 speciem
1706 2164 1838 2210 indu-

207 2243 298 2291 unt,
333 2243 381 2282 ut
416 2250 476 2281 ex
512 2234 666 2280 stratis
692 2235 837 2280 altero
874 2234 1002 2279 alteri
1038 2234 1176 2279 modo
1214 2234 1451 2294 applicatis
1487 2234 1741 2279 consistere
1767 2233 1837 2277 vi—

208 2305 381 2350 deatur.
452 2304 518 2348 De
557 2302 647 2347 hoc
684 2302 880 2348 funiculo
916 2302 1129 2361 equidem
1164 2316 1256 2347 11011
1294 2301 1471 2356 habeo,
1518 2300 1642 2361 quod
1675 2300 1834 2353 dicam,

207 2372 294 2417 nisi
328 2376 537 2416 naturam
573 2370 672 2428 ejus
717 2370 1000 2423 densiorem,
1047 2369 1415 2429 soliditatemque
1460 2369 1682 2427 majorem
1716 2382 1833 2420 esse,

207 2454 344 2500 quam
380 2438 575 2500 partium
609 2438 1011 2496 circumjectarum.
1085 2437 1184 2491 Quo
1218 2437 1277 2492 fit,
1312 2443 1359 2481 ut
1396 2437 1440 2481 in
1481 2436 1728 2496 segmentis
1765 2440 1835 2479 te-

207 2507 374 2553 nuibus
407 2505 598 2551 intuenti
633 2519 682 2550 se
714 2505 862 2563 magis
898 2520 1093 2564 opacum
1128 2505 1362 2566 praebeat,
1400 2505 1547 2556 certis,
1583 2518 1641 2548 ex
1668 2502 1834 2561 quibus

207 2575 479 2620 constitutus
514 2572 580 2626 sit,
614 2570 741 2617 fibris
782 2587 873 2617 non
906 2573 1205 2618 exstantibus.
1265 2573 1478 2631 Figuram
1512 2576 1662 2616 aut-em
1687 2569 1834 2614 minus

208 2649 382 2687 certam
420 2653 785 2700 expressamque
838 2641 1068 2699 posterior
1116 2640 1260 2686 lineae
1295 2640 1475 2685 mediae
1511 2652 1617 2698 pars
1658 2636 1830 2682 obtulit.

206 2711 255 2755 In
291 2707 518 2754 nonnullis
563 2706 745 2767 quidem
800 2708 1049 2765 segmentis
1085 2708 1237 2766 imago
1277 2707 1445 2753 suturis
1489 2704 1660 2750 ossium
1694 2704 1832 2749 simil-

300 2891 364 2934 14)
414 2890 662 2930 Phnosopnicai
702 2891 940 2924 'rransactions
981 2891 1017 2923 of
1056 2894 1110 2923 the
1149 2891 1257 2928 Royal
1299 2886 1434 2926 Society
1475 2886 1512 2919 of
1549 2889 1685 2920 London
1728 2884 1830 2919 1851.

207 2958 283 2993 pag.
312 2948 377 2980 609
403 2958 476 2988 seq.
806 2948 809 2949 ’
1370 2944 1378 2946 ’

302 3004 365 3050 15)
411 3009 435 3044 ι..
463 3016 494 3043 c,
521 3009 591 3045 tant
617 3010 689 3046 xx.
