1991 3270
700 269 1040 318 -59—

73 405 136 450 sci
163 404 318 464 potuit,
352 417 603 463 compares,
637 402 693 447 illi
729 416 839 447 sane
864 402 1094 462 insperata
1120 401 1411 462 suppeditant
1436 418 1682 463 argumen-

70 477 132 525 ta,
171 470 337 530 quibus
370 471 595 516 sententia
628 483 727 514 mea
757 468 815 514 de
850 482 1120 528 permagno,
1157 469 1281 528 quod
1316 470 1433 515 inter
1467 471 1682 516 substan-

71 538 155 583 tias
179 538 325 583 albam
352 537 670 596 cinereamque
697 535 959 589 intercedat,
990 535 1248 581 discrimine
1273 536 1546 595 histologico
1572 551 1681 597 pro-

68 605 156 649 lata
187 605 260 649 vel
297 604 492 650 maxime
527 602 828 649 confirmetur.
899 602 1086 656 Etenim,
1124 601 1231 647 dum
1256 604 1356 649 axis
1381 604 1570 664 cylindri
1596 618 1682 649 nec

68 685 171 724 non,
191 677 407 730 quantum
432 671 674 716 verisimile
700 676 781 723 est,
801 668 1082 714 substantiae
1109 670 1149 713 in
1170 670 1339 716 cellulis
1358 671 1541 716 nerveis
1567 684 1680 716 con-

67 743 218 783 tentae
246 738 551 783 reactionibus
578 738 670 782 suis
696 736 755 782 ad
778 736 1079 781 albuminatcs
1105 742 1150 779 et
1174 736 1358 795 quidem
1384 738 1441 783 ad
1469 737 1681 783 fibrinum

70 805 325 850 musculare
344 802 426 866 53)
463 805 650 864 propius
685 802 918 856 accedunt,
945 802 1130 848 dubium
1157 817 1248 847 non
1274 811 1356 859 est,
1392 805 1499 864 quin
1520 804 1682 865 adipes

65 871 324 930 primariam
351 872 632 916 substantiae
664 870 924 915 medullaris
955 884 1153 914 nerveae
1185 876 1360 929 partem
1389 873 1677 917 constituant.

65 938 220 998 Itaque
257 953 316 983 ex
347 938 514 983 tubulis
548 938 783 998 primitivis
833 936 1071 981 medullam
1103 937 1440 984 continentibus
1476 938 1680 998 explica-

65 1004 126 1049 tio
151 1011 223 1050 est
258 1004 466 1065 petenda,
506 1018 596 1064 quo
629 1004 767 1049 modo
803 1002 890 1056 fiat,
931 1010 978 1047 ut
1012 1004 1055 1047 in
1089 1003 1343 1049 substantia
1369 1006 1471 1050 alba
1497 1005 1680 1065 adipum

64 1071 197 1130 copia
222 1078 460 1131 tantopere
494 1071 781 1131 praevaleat,
817 1069 921 1114 dum
948 1084 1104 1115 massa
1131 1071 1336 1126 cinerea,
1372 1078 1530 1132 utpote
1561 1087 1679 1132 quae

63 1138 232 1183 cellulis
264 1137 515 1196 gangliosis
552 1136 686 1197 adipe
734 1136 994 1182 carentibus
1046 1136 1269 1197 nudisque
1314 1139 1414 1184 axis
1462 1138 1678 1198 cylindris

62 1204 274 1259 abundet,
309 1204 527 1262 majorem
567 1204 758 1264 praebet
792 1203 1112 1248 albuminatum
1145 1205 1334 1264 copiam.
1406 1205 1507 1259 Quo
1533 1205 1570 1251 si
1595 1204 1679 1250 ad-

62 1270 257 1325 dideris,
307 1271 586 1317 substantias
630 1272 791 1316 collam
826 1270 1018 1316 edentes
1063 1271 1108 1315 in
1142 1272 1384 1331 coquendo
1421 1272 1678 1333 neutiquam

63 1343 181 1383 totas
235 1339 369 1392 solvi,
434 1338 516 1384 sed
571 1339 721 1398 potius
774 1339 1088 1383 nonnullarum
1151 1338 1382 1384 residuum
1434 1339 1678 1385 maximum

61 1418 323 1459 remancre,
366 1404 503 1465 idque
538 1405 904 1451 verisimillimum
939 1419 1044 1451 esse
1081 1420 1107 1450 a
1145 1407 1339 1466 partium
1374 1407 1490 1452 telae
1523 1407 1679 1453 elasti-

61 1486 142 1517 cae
174 1473 526 1532 cellularumque
560 1473 690 1532 copia
734 1472 960 1533 pendere,
1011 1486 1102 1518 non
1147 1472 1309 1519 videor
1346 1473 1452 1518 mihi
1494 1473 1675 1519 nimium

61 1553 251 1593 sumere,
287 1540 324 1584 si
355 1540 472 1585 telae
503 1540 817 1598 conjunctivae
842 1542 1061 1586 formatae
1087 1541 1274 1600 copiam,
1310 1554 1429 1601 quae
1462 1540 1677 1586 substan-

59 1606 149 1651 tiae
198 1606 409 1652 cinereae
457 1607 581 1662 insit,
635 1608 784 1666 magis
834 1607 969 1654 etiam
1020 1609 1289 1667 praevalere
1340 1607 1675 1661 existimavero,

60 1687 196 1732 quam
231 1674 374 1719 allatis
406 1675 550 1719 collae
584 1674 882 1734 quantitatum
909 1674 1178 1720 differentiis
1204 1674 1496 1736 respondeat.
1565 1674 1676 1720 Ete-

60 1740 150 1784 nim
186 1740 302 1785 telae
339 1741 656 1799 conjunctivae
692 1742 962 1802 corpuscula
1001 1741 1237 1802 fibraeque
1270 1743 1484 1788 elasticae
1517 1742 1675 1787 saltem

60 1807 103 1851 in
146 1807 329 1852 cinerea
368 1807 591 1854 medullae
638 1809 824 1868 spinalis
873 1824 1082 1855 ranarum
1127 1809 1380 1855 substantia
1422 1823 1674 1869 permagno

61 1880 166 1920 sunt
199 1888 399 1919 numero.

152 2025 207 2069 53)
255 2027 308 2060 cf.
342 2025 545 2063 Lehmann
568 2034 591 2062 ι.
621 2040 651 2062 c.
679 2033 753 2062 vol.
778 2034 840 2062 111.
863 2039 940 2068 pag.
973 2028 1050 2061 115.
