1991 3270
739 235 1075 282 ...25-

102 369 249 430 pleris,
288 368 492 413 lamellae
526 367 830 425 turgescentis
868 368 1065 427 speciem
1103 368 1305 413 striatam
1335 379 1616 411 evanescere
1642 370 1714 410 to-

103 444 295 495 tumque,
330 449 420 494 quo
454 435 599 479 lineae
633 435 947 488 decussantur,
985 436 1133 480 locum
1167 434 1284 479 adeo
1325 433 1577 492 pallescere
1611 446 1715 476 cer-

102 517 207 557 nas,
253 509 301 547 ut
346 502 423 546 vix
456 502 653 555 cancelli,
688 501 745 546 de
779 502 942 560 quibus
980 502 1147 546 dictum
1186 508 1279 554 est,
1326 500 1370 544 in
1419 505 1716 559 conspectum

100 570 294 615 veniant.
365 569 473 614 Inde
504 583 617 613 vero
650 569 880 614 ablutione
915 583 1078 628 aquam
1113 568 1317 625 guttatim
1343 566 1622 611 infundendo
1647 567 1714 611 fa-

100 643 195 690 cta,
234 636 380 681 omnis
417 637 590 694 imago,
639 650 696 680 ne
744 648 990 694 processus
1034 636 1252 695 plicatura
1288 633 1470 693 quidem
1506 640 1713 693 excepta,

100 704 250 764 aliquo
283 704 501 763 temporis
539 701 685 762 spatio
718 702 955 759 interjecto
992 701 1249 747 restituitur.

233 770 442 815 Attamen
478 784 570 814 non
603 783 763 814 omncs
800 770 970 823 lineae,
1007 784 1066 814 ex
1104 768 1438 814 decussationis
1472 767 1573 811 loco
1606 781 1715 826 pro—

99 839 269 891 fect-ae,
305 838 453 882 statim
488 837 532 880 in
567 836 685 896 piam
720 843 910 880 matrem
947 837 1235 881 continuatim
1272 835 1588 895 porriguntur,
1633 834 1717 878 sed

100 905 250 964 potius
286 919 392 964 pars
424 904 655 955 linearum,
693 909 739 947 et
771 903 952 962 quidem
980 903 1038 948 ad
1071 904 1301 947 exteriora
1328 902 1589 961 positarum,
1617 915 1717 946 ma-

99 972 170 1030 gis
206 971 444 1030 magisque
482 971 598 1014 inter
633 985 683 1014 se
729 970 1082 1023 discedentium,
1130 971 1170 1013 in
1208 970 1462 1015 anteriores
1500 969 1717 1014 substan-

101 1041 187 1083 tiae
226 1039 359 1083 albae
397 1037 642 1090 funiculos,
682 1037 756 1095 qui
796 1043 1030 1091 vocantur,
1070 1043 1306 1081 transeunt
1337 1036 1492 1094 ibique
1526 1050 1717 1095 separa-

100 1113 172 1150 tae
203 1106 248 1150 in
283 1106 384 1149 laxa
418 1105 506 1148 tela
541 1104 769 1157 cellulosa,
788 1118 893 1162 qua
921 1104 1203 1148 substantiae
1231 1104 1361 1148 albae
1394 1103 1534 1147 tubuli
1559 1103 1717 1146 nervei

99 1172 405 1224 continentur,
453 1171 730 1229 aliquantum
777 1171 908 1230 spatii
946 1170 1212 1224 decurrunt,
1261 1170 1430 1216 sensim
1479 1170 1718 1229 paulatin]-

99 1253 188 1298 que
219 1253 318 1284 cum
353 1238 439 1282 hac
476 1238 564 1282 tela
598 1237 881 1283 confluentes
907 1252 1056 1297 coque
1091 1238 1230 1282 modo
1268 1252 1293 1282 e
1330 1242 1580 1296 conspectu
1605 1251 1718 1281 eva—

100 1312 342 1351 nescentes
377 1303 449 1365 (cs.
486 1305 574 1349 tab.
610 1304 683 1363 fig.
712 1304 761 1364 l).
833 1306 958 1358 Quae
992 1305 1181 1350 eaedem
1218 1305 1418 1349 rationes
1454 1304 1496 1348 in
1522 1302 1597 1348 filo
1624 1310 1718 1348 ter—

99 1374 249 1417 minali
289 1373 401 1417 infra
445 1386 635 1416 nervum
676 1372 896 1431 spinalem
942 1372 1166 1417 decimum
1204 1372 1564 1431 conspiciuntur,
1598 1385 1717 1430 quae

101 1455 219 1499 pars,
257 1454 394 1498 quum
432 1445 526 1483 tota
566 1453 657 1483 non
691 1446 871 1484 constet
910 1440 993 1484 nisi
1024 1454 1050 1484 e
1088 1439 1343 1484 substantia
1378 1439 1582 1492 cinerea,
1617 1439 1718 1484 nul-

99 1509 189 1552 lum
223 1505 440 1551 fibrarum
464 1506 726 1560 albidarum,
763 1521 844 1565 per
880 1506 1182 1566 peripheriam
1208 1506 1542 1566 dispositarum,
1579 1505 1718 1550 vesti-

100 1575 222 1633 gium
258 1574 405 1618 offert.
477 1574 563 1618 Hic
599 1588 782 1633 quoque
831 1573 1031 1619 fasciculi
1071 1574 1455 1627 semicirculares,
1509 1572 1718 1633 quamvis

100 1642 338 1686 breviores
371 1641 693 1700 tenuioresque
730 1641 839 1694 sint,
889 1649 1041 1686 tamen
1076 1656 1165 1686 non
1205 1640 1389 1694 desunt3
1427 1640 1499 1684 liic
1533 1654 1719 1700 quoque

99 1709 258 1754 horum
294 1708 611 1753 fasciculorum
658 1708 803 1752 lineae
848 1709 891 1752 in
941 1709 1050 1754 sulci
1090 1709 1331 1753 anterioris
1378 1707 1518 1753 fundo
1550 1707 1718 1752 decus-

101 1781 268 1829 santur,
310 1790 400 1834 quo
440 1776 572 1828 facto,
611 1775 717 1820 dum
750 1775 947 1820 maxima
989 1782 1209 1820 tractuum
1246 1790 1353 1835 pars
1386 1776 1429 1819 in
1461 1775 1580 1834 piam
1618 1789 1718 1819 ma-

101 1850 214 1887 trem
260 1841 521 1895 descendit,
574 1843 729 1901 reliqui
773 1842 831 1887 ad
880 1844 977 1887 illas
1021 1857 1201 1887 massae
1236 1843 1446 1887 cinereae
1483 1843 1718 1901 portiones

100 1909 302 1963 tendunt,
336 1923 455 1968 quae
489 1909 785 1954 funiculorum
820 1911 1096 1954 anteriorum
1132 1911 1279 1955 locum
1316 1915 1550 1969 occupant..

241 1975 631 2035 Blattmannffl),
670 1976 802 2033 hujus
838 1977 1048 2032 rationis,
1081 1992 1198 2037 quae
1234 1977 1461 2022 fasciculis
1495 1977 1719 2021 decussa-

101 2044 157 2089 tis
189 2058 289 2089 cum
326 2045 427 2103 piae
460 2043 617 2088 matris
651 2058 874 2103 processu
907 2045 1155 2098 intercedit,
1196 2044 1426 2089 mentione
1463 2058 1554 2088 non
1586 2044 1717 2096 facta,

100 2125 184 2155 eos
222 2111 372 2171 potius
407 2125 432 2155 e
469 2111 577 2155 solis
611 2111 816 2156 funiculis
862 2111 1167 2157 anterioribus
1202 2126 1441 2169 emergere
1474 2110 1718 2163 contendit,

103 2177 148 2221 id
184 2177 308 2235 quod
338 2177 443 2222 inde
477 2177 690 2222 credatur
721 2179 886 2222 factum
920 2193 1036 2233 esse,
1072 2178 1197 2238 quod
1230 2180 1274 2223 in
1309 2179 1381 2238 pia
1414 2185 1560 2223 matre
1593 2179 1721 2222 aufe-

102 2243 245 2289 renda
278 2258 545 2304 processum
581 2259 764 2303 quoque
799 2260 824 2289 e
847 2260 1011 2293 massa
1046 2246 1166 2290 molli
1199 2246 1460 2290 extraxerit.
1512 2246 1720 2290 Ceterum

102 2325 214 2365 eam,
248 2325 384 2370 quam
417 2311 486 2355 vir
510 2311 801 2356 doctissimus
828 2313 1075 2371 proposuit,
1110 2312 1463 2371 descriptionem
1492 2327 1583 2357 non
1611 2327 1721 2371 pos-

104 2392 201 2422 sum
240 2378 348 2437 quin
380 2376 656 2431 confirmem,
692 2379 897 2437 exceptis
931 2393 1050 2437 quae
1084 2378 1141 2423 de
1178 2379 1493 2424 fasciculorum
1529 2393 1720 2424 numero

105 2446 253 2489 refert.
325 2444 420 2489 Hos
456 2444 572 2488 enim
618 2445 860 2490 fasciculos
906 2446 1218 2490 tantummodo
1270 2447 1313 2490 in
1351 2446 1586 2506 superiore
1623 2460 1721 2490 me-

103 2511 253 2556 dullae
286 2517 414 2570 parte
453 2512 603 2570 plures
640 2526 828 2556 numero
862 2526 967 2557 esse
1006 2512 1210 2567 affirmat,
1249 2513 1354 2558 dum
1386 2514 1429 2557 in
1465 2519 1593 2573 parte
1622 2527 1721 2557 me-

104 2578 178 2623 dia
216 2585 353 2637 atque
390 2578 602 2622 inferiore
640 2579 862 2638 utrimque
900 2594 992 2624 non
1030 2580 1112 2624 nisi
1159 2580 1319 2638 singuli
1356 2595 1513 2625 eorum
1551 2586 1722 2625 tractus

105 2644 520 2704 deprehendantur.
591 2645 701 2690 Huic
738 2647 1003 2691 scrutatoris
1052 2646 1379 2705 diligentissimi
1417 2647 1618 2707 opinioni
1653 2648 1722 2691 fa—

105 2726 210 2757 eere
245 2725 336 2756 non
369 2726 568 2772 possum,
610 2713 715 2771 quin
751 2712 1028 2768 dissentiam,
1069 2721 1226 2774 utpote
1264 2715 1338 2774 qui
1372 2714 1512 2760 iuliis
1537 2729 1721 2774 quoque

105 2779 310 2839 partibus
346 2780 604 2839 complures
639 2780 880 2829 fasciculos
917 2781 1101 2825 omnino
1144 2781 1382 2827 distinctos
1419 2796 1601 2842 semper
1634 2781 1721 2827 ob—

107 2860 398 2892 servaverim.

202 3012 266 3055 13)
312 3018 337 3051 Ι.
365 3025 394 3049 c.
419 3024 497 3055 pag.
522 3014 672 3053 20-26.
