1936 3281
721 181 1055 228 -Μ-

83 314 277 359 lustrare
311 312 509 371 contigit.
545 339 612 347 —-
647 313 744 359 Hoc
779 312 915 358 modo
949 312 1150 368 efficitur,
1185 320 1232 359 ut
1269 315 1526 360 universam
1560 316 1696 361 totius

84 381 408 426 elementorum
453 381 718 440 complexus
758 380 998 438 imaginem
1045 380 1115 425 via
1166 379 1338 426 directa
1378 388 1423 426 et
1458 383 1619 427 intueri
1655 389 1701 428 et

82 447 307 493 illustrare
338 448 480 502 liceat,
514 448 804 493 observatori
835 448 918 507 ipsi
960 462 1051 492 non
1085 448 1217 493 nimia
1265 449 1442 494 licentia
1478 451 1700 509 permissa

83 514 142 560 ad
174 516 370 570 lacunas,
406 530 521 575 quas
558 515 736 560 relictas
771 514 946 568 viderit,
979 515 1242 574 explendas.

220 604 441 664 Equidem
488 619 607 650 nunc
653 610 991 662 segmentorum
1045 604 1372 664 pcllucidorum
1417 620 1554 665 quum
1599 608 1699 652 lon-

82 671 400 729 gitudinalium,
438 679 529 717 tum
565 678 930 716 transversorum
969 672 1213 730 imagines,
1248 673 1419 731 quales,
1454 673 1489 717 si
1522 688 1547 717 a
1582 688 1699 733 pau-

81 739 146 784 cis
178 739 449 785 discesseris
482 739 790 792 varietatibus,
823 753 906 797 per
939 744 1078 783 totam
1113 739 1338 784 medullae
1377 739 1560 799 spinalis
1596 741 1698 786 lon-

81 806 328 863 gitudinem
349 806 552 851 eaedem
586 808 849 859 ofleruntur,
888 813 1102 865 quantum
1128 808 1171 851 in
1196 821 1268 851 me
1295 807 1427 851 situm
1452 809 1593 861 fuerit,
1627 808 1698 853 di-

79 873 375 931 ligentissime
430 873 702 934 adumbrare
745 873 973 927 conabor,
1022 875 1085 919 sic
1134 882 1311 919 mutuas
1345 874 1441 919 illas
1483 875 1695 930 rationes,

80 954 198 999 quae
223 942 339 986 inter
365 941 568 999 singulas
594 946 749 999 partes
775 940 1069 993 intercedant,
1105 941 1512 995 demonstraturus,
1549 957 1697 1002 quan-

79 1012 263 1066 tumque
311 1007 412 1052 illae
448 1014 603 1067 partes
638 1006 697 1052 ad
733 1007 870 1050 totius
905 1008 1127 1053 medullae
1171 1009 1549 1067 compositionem
1583 1024 1696 1054 con-

76 1075 233 1129 ferant,
272 1075 613 1134 explanaturus.
695 1074 911 1133 Sequenti
966 1081 1115 1120 autem
1147 1075 1294 1135 capite
1342 1077 1593 1121 sententias
1624 1076 1696 1121 hic

76 1155 103 1186 a
127 1155 198 1186 me
224 1142 423 1201 prolatas
456 1141 644 1186 aliorum
671 1141 1073 1188 observationibus
1108 1148 1419 1202 repugnantes
1446 1142 1695 1189 defendere

77 1217 212 1268 atque
245 1210 524 1268 argumentis
560 1207 741 1254 firmare
776 1209 918 1254 liceat.

147 1408 203 1469 A.
286 1406 533 1487 Segmenti
570 1408 843 1470 transversi
879 1410 1042 1485 imago
1078 1409 1394 1486 inicroscopio
1433 1409 1615 1471 oblata.

396 1554 444 1595 1.
474 1551 786 1596 medullae
816 1553 1083 1606 spinalis
1121 1554 1365 1598 tunica.

211 1655 602 1710 Quemadmodum
637 1658 903 1717 plerumque
943 1672 1035 1702 non
1072 1659 1312 1717 contingit,
1346 1666 1416 1714 ut,
1451 1666 1691 1719 segmento

73 1724 184 1770 satis
222 1724 344 1769 tenui
375 1725 506 1778 facto,
542 1724 662 1784 piam
699 1730 890 1769 matrem
930 1731 1025 1769 tota
1061 1727 1281 1784 segmenti
1320 1728 1571 1773 transversi
1608 1743 1692 1788 pe-

71 1790 270 1851 ripheria
304 1790 527 1845 obtineas,
560 1791 621 1835 ita
652 1791 776 1835 haud
809 1791 988 1836 difficile
1021 1799 1103 1846 est,
1142 1794 1417 1838 anteriorem
1455 1795 1552 1851 ejus
1583 1809 1692 1854 par-

71 1862 173 1913 tem,
206 1859 276 1903 cui
308 1858 459 1903 sulcus
494 1858 695 1903 anterior
731 1872 814 1918 pro
851 1858 1122 1903 adminiculo
1156 1868 1246 1915 est,
1296 1876 1397 1906 cum
1440 1863 1563 1906 tenui
1593 1877 1690 1907 me-

69 1925 219 1971 dullae
257 1932 494 1984 segmento
531 1925 697 1985 optime
743 1925 1066 1970 cohaerentem
1110 1928 1413 1988 microscopio
1452 1929 1689 1987 subjicere,

69 1991 202 2046 Quod
242 1992 279 2038 si
311 1993 372 2037 ita
404 1992 663 2046 institueris,
703 1991 891 2037 desecta
924 1994 1025 2053 piae
1061 1996 1217 2039 matris
1251 1996 1427 2041 lamella
1459 1996 1690 2041 membra-

68 2074 171 2106 nam
206 2059 494 2120 pellucidam,
532 2060 752 2119 lineisque
788 2060 999 2106 tenuibus
1033 2068 1338 2121 penetratam,
1386 2063 1458 2107 hic
1488 2064 1574 2109 illic
1605 2078 1691 2109 nu-

69 2127 177 2172 cleis
202 2126 481 2186 maculisque
507 2141 566 2172 ex
590 2128 822 2188 pigmento
861 2128 1044 2172 omnino
1080 2130 1248 2188 opacis,
1284 2131 1459 2175 formae
1494 2131 1691 2176 maxime

72 2193 239 2249 variae,
278 2194 472 2240 obsitam
512 2208 561 2240 se
595 2195 794 2248 exhibet,
833 2210 949 2253 quae
981 2196 1249 2241 membrana
1275 2205 1435 2242 contra
1460 2197 1690 2243 introitum

69 2262 180 2307 sulci
217 2261 469 2315 anterioris,
508 2267 669 2306 natura
710 2261 924 2307 solidiore
957 2262 1129 2316 induta,
1182 2263 1368 2308 dissecti
1416 2265 1540 2310 vasis
1582 2279 1689 2310 san-

68 2328 230 2387 guiferi
263 2328 448 2385 majoris
486 2328 638 2373 lumen
668 2328 865 2386 vaginae
898 2328 956 2373 ad
992 2329 1133 2374 instar
1158 2332 1481 2390 complectitur.
1554 2332 1689 2390 Cujus

67 2395 193 2441 vasis
230 2394 481 2454 parietibus
535 2409 674 2454 saepe
708 2396 840 2439 etiarn
898 2397 1133 2454 coagulum
1188 2398 1421 2456 sanguinis
1455 2398 1687 2443 adhaeret.

65 2462 136 2508 Ad
184 2461 490 2523 peripheriam
539 2463 716 2507 lumInis
760 2463 885 2507 vasis
940 2464 1182 2522 sanguiseri
1237 2465 1310 2523 pia
1359 2471 1505 2509 mater
1553 2466 1688 2511 strias

68 2530 205 2575 offert
240 2535 332 2575 tum
369 2529 724 2584 manifestiores,
765 2536 857 2574 tum
900 2531 1047 2589 magis
1084 2534 1333 2586 confertas,
1369 2533 1577 2577 lacunam
1614 2548 1688 2578 ra—
1751 2562 1755 2567 -

68 2597 190 2642 tione
235 2597 525 2641 concentrica
571 2598 817 2655 cingentes.
912 2598 980 2642 Ab
1034 2598 1168 2656 hujus
1207 2600 1403 2658 vaginae
1447 2598 1686 2660 superficie

66 2663 126 2709 ad
169 2663 411 2708 medullam
454 2678 680 2709 conversa
722 2679 969 2724 processus
1015 2666 1113 2724 piae
1160 2668 1316 2712 matris
1365 2668 1504 2721 latus,
1550 2681 1685 2726 quem

66 2731 316 2777 luculenter
339 2737 531 2791 apparet
564 2745 646 2791 per
678 2732 1002 2789 longitudinem
1042 2734 1248 2778 striatum
1282 2748 1399 2787 esse,
1436 2734 1478 2778 in
1512 2735 1684 2780 sulcum

67 2797 292 2843 medullae
323 2800 597 2844 anteriorem
633 2799 843 2854 decurrit,
881 2806 1022 2844 totam
1049 2799 1243 2846 fissurae
1281 2800 1561 2847 latitudinem
1599 2801 1686 2847 ob-

69 2865 246 2919 tinens,
267 2865 463 2926 indeque
495 2866 541 2911 in
579 2868 678 2923 ejus
712 2866 849 2911 fundo
884 2867 929 2910 in
961 2868 1188 2913 cineream
1226 2868 1450 2914 medullae
1485 2883 1684 2916 massam

70 2931 297 2979 continuo·
319 2934 558 2979 transiens.
630 2932 763 2995 (Vide
796 2934 886 2978 tal).
917 2932 991 2993 fig.
1032 2934 1093 2996 4.)
