<?xml version="1.0" encoding="UTF-8"?>
<!DOCTYPE html PUBLIC "-//W3C//DTD XHTML 1.0 Transitional//EN"
    "http://www.w3.org/TR/xhtml1/DTD/xhtml1-transitional.dtd">
<html xmlns="http://www.w3.org/1999/xhtml" xml:lang="en" lang="en">
 <head>
  <title>
</title>
<meta http-equiv="Content-Type" content="text/html;charset=utf-8" />
  <meta name='ocr-system' content='tesseract 3.04.00' />
  <meta name='ocr-capabilities' content='ocr_page ocr_carea ocr_par ocr_line ocrx_word'/>
</head>
<body>
  <div class='ocr_page' id='page_1' title='image "./demedullaespinal00kupf_0060.png"; bbox 0 0 1991 3270; ppageno 0'>
   <div class='ocr_carea' id='block_1_1' title="bbox 831 271 1169 322">
    <p class='ocr_par' dir='ltr' id='par_1_1' title="bbox 831 271 1169 322">
     <span class='ocr_line' id='line_1_1' title="bbox 831 271 1169 322; baseline -0.009 -10"><span class='ocrx_word' id='word_1_1' title='bbox 831 271 1169 322; x_wconf 52' lang='grc' dir='ltr'>...5ιῂ</span> 
     </span>
    </p>
   </div>
   <div class='ocr_carea' id='block_1_2' title="bbox 188 406 1823 2966">
    <p class='ocr_par' dir='ltr' id='par_1_2' title="bbox 188 406 1823 2966">
     <span class='ocr_line' id='line_1_2' title="bbox 326 406 1812 470; baseline -0.002 -13"><span class='ocrx_word' id='word_1_2' title='bbox 326 410 398 457; x_wconf 88' lang='lat' dir='ltr'>Ex</span> <span class='ocrx_word' id='word_1_3' title='bbox 428 408 870 470; x_wconf 86' lang='lat' dir='ltr'>pervestigationum</span> <span class='ocrx_word' id='word_1_4' title='bbox 893 406 953 452; x_wconf 90' lang='lat' dir='ltr'>de</span> <span class='ocrx_word' id='word_1_5' title='bbox 989 420 1203 451; x_wconf 82' lang='lat' dir='ltr'>ranarum</span> <span class='ocrx_word' id='word_1_6' title='bbox 1235 406 1431 452; x_wconf 81' lang='lat' dir='ltr'>medulla</span> <span class='ocrx_word' id='word_1_7' title='bbox 1473 407 1634 467; x_wconf 88' lang='lat' dir='ltr'>spinali</span> <span class='ocrx_word' id='word_1_8' title='bbox 1668 409 1812 454; x_wconf 87' lang='lat' dir='ltr'>facta-</span> 
     </span>
     <span class='ocr_line' id='line_1_3' title="bbox 190 473 1813 535; baseline -0.001 -11"><span class='ocrx_word' id='word_1_9' title='bbox 190 492 291 524; x_wconf 86' lang='lat' dir='ltr'>rum</span> <span class='ocrx_word' id='word_1_10' title='bbox 325 484 514 531; x_wconf 88' lang='lat' dir='ltr'>eventu,</span> <span class='ocrx_word' id='word_1_11' title='bbox 562 477 667 521; x_wconf 90' lang='lat' dir='ltr'>licet</span> <span class='ocrx_word' id='word_1_12' title='bbox 701 489 785 535; x_wconf 88' lang='lat' dir='ltr'>per</span> <span class='ocrx_word' id='word_1_13' title='bbox 823 488 872 520; x_wconf 93' lang='lat' dir='ltr'>se</span> <span class='ocrx_word' id='word_1_14' title='bbox 910 474 1208 532; x_wconf 75' lang='lat' dir='ltr'>intelligatur,</span> <span class='ocrx_word' id='word_1_15' title='bbox 1257 473 1316 519; x_wconf 90' lang='lat' dir='ltr'>de</span> <span class='ocrx_word' id='word_1_16' title='bbox 1351 473 1525 519; x_wconf 90' lang='lat' dir='ltr'>eisdem</span> <span class='ocrx_word' id='word_1_17' title='bbox 1560 475 1813 522; x_wconf 86' lang='lat' dir='ltr'>rationibus</span> 
     </span>
     <span class='ocr_line' id='line_1_4' title="bbox 188 540 1811 606; baseline -0.002 -15"><span class='ocrx_word' id='word_1_18' title='bbox 188 546 235 591; x_wconf 89' lang='lat' dir='ltr'>in</span> <span class='ocrx_word' id='word_1_19' title='bbox 274 545 560 606; x_wconf 80' lang='lat' dir='ltr'>superiorum</span> <span class='ocrx_word' id='word_1_20' title='bbox 597 541 806 588; x_wconf 87' lang='lat' dir='ltr'>ordinum</span> <span class='ocrx_word' id='word_1_21' title='bbox 842 542 1159 595; x_wconf 87' lang='lat' dir='ltr'>animantibus,</span> <span class='ocrx_word' id='word_1_22' title='bbox 1196 540 1255 587; x_wconf 90' lang='lat' dir='ltr'>ad</span> <span class='ocrx_word' id='word_1_23' title='bbox 1281 541 1459 600; x_wconf 85' lang='lat' dir='ltr'>singula</span> <span class='ocrx_word' id='word_1_24' title='bbox 1482 541 1606 601; x_wconf 91' lang='lat' dir='ltr'>quod</span> <span class='ocrx_word' id='word_1_25' title='bbox 1642 542 1811 597; x_wconf 78' lang='lat' dir='ltr'>attinet,</span> 
     </span>
     <span class='ocr_line' id='line_1_5' title="bbox 191 608 1815 669; baseline -0.002 -10"><span class='ocrx_word' id='word_1_26' title='bbox 191 612 513 659; x_wconf 83' lang='lat' dir='ltr'>conclusiones</span> <span class='ocrx_word' id='word_1_27' title='bbox 549 609 699 669; x_wconf 78' lang='lat' dir='ltr'>colligi</span> <span class='ocrx_word' id='word_1_28' title='bbox 730 623 823 654; x_wconf 89' lang='lat' dir='ltr'>non</span> <span class='ocrx_word' id='word_1_29' title='bbox 863 623 1027 669; x_wconf 88' lang='lat' dir='ltr'>posse,</span> <span class='ocrx_word' id='word_1_30' title='bbox 1075 615 1224 654; x_wconf 87' lang='lat' dir='ltr'>tamen</span> <span class='ocrx_word' id='word_1_31' title='bbox 1272 608 1362 654; x_wconf 88' lang='lat' dir='ltr'>hoc</span> <span class='ocrx_word' id='word_1_32' title='bbox 1406 615 1530 653; x_wconf 90' lang='lat' dir='ltr'>certe</span> <span class='ocrx_word' id='word_1_33' title='bbox 1575 609 1683 654; x_wconf 92' lang='lat' dir='ltr'>mihi</span> <span class='ocrx_word' id='word_1_34' title='bbox 1722 624 1815 655; x_wconf 89' lang='lat' dir='ltr'>non</span> 
     </span>
     <span class='ocr_line' id='line_1_6' title="bbox 190 675 1814 734; baseline -0.002 -8"><span class='ocrx_word' id='word_1_35' title='bbox 190 680 373 726; x_wconf 87' lang='lat' dir='ltr'>videtur</span> <span class='ocrx_word' id='word_1_36' title='bbox 406 680 600 733; x_wconf 90' lang='lat' dir='ltr'>nimium,</span> <span class='ocrx_word' id='word_1_37' title='bbox 637 676 931 731; x_wconf 89' lang='lat' dir='ltr'>contendere,</span> <span class='ocrx_word' id='word_1_38' title='bbox 960 683 1006 721; x_wconf 92' lang='lat' dir='ltr'>et</span> <span class='ocrx_word' id='word_1_39' title='bbox 1041 677 1178 721; x_wconf 88' lang='lat' dir='ltr'>telam</span> <span class='ocrx_word' id='word_1_40' title='bbox 1211 675 1548 734; x_wconf 84' lang='lat' dir='ltr'>conjunctivam</span> <span class='ocrx_word' id='word_1_41' title='bbox 1582 676 1626 720; x_wconf 91' lang='lat' dir='ltr'>in</span> <span class='ocrx_word' id='word_1_42' title='bbox 1658 691 1814 723; x_wconf 88' lang='lat' dir='ltr'>massa</span> 
     </span>
     <span class='ocr_line' id='line_1_7' title="bbox 190 743 1815 804; baseline -0.002 -11"><span class='ocrx_word' id='word_1_43' title='bbox 190 748 374 794; x_wconf 89' lang='lat' dir='ltr'>cinerea</span> <span class='ocrx_word' id='word_1_44' title='bbox 407 754 671 792; x_wconf 87' lang='lat' dir='ltr'>centrorum</span> <span class='ocrx_word' id='word_1_45' title='bbox 711 758 986 790; x_wconf 84' lang='lat' dir='ltr'>nerveorum</span> <span class='ocrx_word' id='word_1_46' title='bbox 1034 743 1329 802; x_wconf 86' lang='lat' dir='ltr'>gravissimas</span> <span class='ocrx_word' id='word_1_47' title='bbox 1375 749 1529 804; x_wconf 88' lang='lat' dir='ltr'>partes</span> <span class='ocrx_word' id='word_1_48' title='bbox 1559 757 1722 802; x_wconf 86' lang='lat' dir='ltr'>agere,</span> <span class='ocrx_word' id='word_1_49' title='bbox 1769 751 1815 789; x_wconf 92' lang='lat' dir='ltr'>et</span> 
     </span>
     <span class='ocr_line' id='line_1_8' title="bbox 189 810 1815 874; baseline -0.002 -13"><span class='ocrx_word' id='word_1_50' title='bbox 189 814 332 861; x_wconf 88' lang='lat' dir='ltr'>fibras</span> <span class='ocrx_word' id='word_1_51' title='bbox 369 815 662 874; x_wconf 87' lang='lat' dir='ltr'>gelatinosas,</span> <span class='ocrx_word' id='word_1_52' title='bbox 703 812 773 868; x_wconf 90' lang='lat' dir='ltr'>„in</span> <span class='ocrx_word' id='word_1_53' title='bbox 807 812 972 872; x_wconf 91' lang='lat' dir='ltr'>quibus</span> <span class='ocrx_word' id='word_1_54' title='bbox 1010 825 1144 856; x_wconf 91' lang='lat' dir='ltr'>nemo</span> <span class='ocrx_word' id='word_1_55' title='bbox 1180 811 1238 856; x_wconf 91' lang='lat' dir='ltr'>ad</span> <span class='ocrx_word' id='word_1_56' title='bbox 1275 811 1395 856; x_wconf 88' lang='lat' dir='ltr'>hunc</span> <span class='ocrx_word' id='word_1_57' title='bbox 1429 810 1549 856; x_wconf 90' lang='lat' dir='ltr'>diem</span> <span class='ocrx_word' id='word_1_58' title='bbox 1573 817 1651 856; x_wconf 89' lang='lat' dir='ltr'>aut</span> <span class='ocrx_word' id='word_1_59' title='bbox 1681 810 1815 857; x_wconf 92' lang='lat' dir='ltr'>indu—</span> 
     </span>
     <span class='ocr_line' id='line_1_9' title="bbox 188 878 1815 940; baseline -0.003 -11"><span class='ocrx_word' id='word_1_60' title='bbox 188 889 389 929; x_wconf 87' lang='lat' dir='ltr'>mentum</span> <span class='ocrx_word' id='word_1_61' title='bbox 426 888 503 928; x_wconf 90' lang='lat' dir='ltr'>aut</span> <span class='ocrx_word' id='word_1_62' title='bbox 538 882 637 927; x_wconf 88' lang='lat' dir='ltr'>axis</span> <span class='ocrx_word' id='word_1_63' title='bbox 673 879 926 940; x_wconf 67' lang='lat' dir='ltr'>cylindrum</span> <span class='ocrx_word' id='word_1_64' title='bbox 964 879 1225 938; x_wconf 80' lang='lat' dir='ltr'>repererit,“</span> <span class='ocrx_word' id='word_1_65' title='bbox 1261 892 1354 923; x_wconf 91' lang='lat' dir='ltr'>non</span> <span class='ocrx_word' id='word_1_66' title='bbox 1386 892 1511 933; x_wconf 89' lang='lat' dir='ltr'>esse,</span> <span class='ocrx_word' id='word_1_67' title='bbox 1563 878 1650 924; x_wconf 88' lang='lat' dir='ltr'>nisi</span> <span class='ocrx_word' id='word_1_68' title='bbox 1697 879 1815 924; x_wconf 85' lang='lat' dir='ltr'>telae</span> 
     </span>
     <span class='ocr_line' id='line_1_10' title="bbox 190 945 1816 1010; baseline -0.004 -14"><span class='ocrx_word' id='word_1_69' title='bbox 190 951 511 1010; x_wconf 85' lang='lat' dir='ltr'>conjunctivae</span> <span class='ocrx_word' id='word_1_70' title='bbox 546 948 699 1002; x_wconf 87' lang='lat' dir='ltr'>fibras,</span> <span class='ocrx_word' id='word_1_71' title='bbox 738 946 935 1006; x_wconf 87' lang='lat' dir='ltr'>ideoque</span> <span class='ocrx_word' id='word_1_72' title='bbox 970 952 1147 1006; x_wconf 89' lang='lat' dir='ltr'>tempus</span> <span class='ocrx_word' id='word_1_73' title='bbox 1178 945 1273 1004; x_wconf 89' lang='lat' dir='ltr'>jam</span> <span class='ocrx_word' id='word_1_74' title='bbox 1305 946 1510 1000; x_wconf 86' lang='lat' dir='ltr'>venisse,</span> <span class='ocrx_word' id='word_1_75' title='bbox 1551 959 1643 1005; x_wconf 89' lang='lat' dir='ltr'>quo</span> <span class='ocrx_word' id='word_1_76' title='bbox 1675 946 1816 991; x_wconf 88' lang='lat' dir='ltr'>cellu-</span> 
     </span>
     <span class='ocr_line' id='line_1_11' title="bbox 189 1012 1816 1075; baseline -0.004 -11"><span class='ocrx_word' id='word_1_77' title='bbox 189 1019 262 1064; x_wconf 91' lang='lat' dir='ltr'>lae</span> <span class='ocrx_word' id='word_1_78' title='bbox 291 1018 504 1063; x_wconf 85' lang='lat' dir='ltr'>minimae</span> <span class='ocrx_word' id='word_1_79' title='bbox 543 1015 784 1075; x_wconf 89' lang='lat' dir='ltr'>nucleique</span> <span class='ocrx_word' id='word_1_80' title='bbox 816 1013 945 1059; x_wconf 90' lang='lat' dir='ltr'>liberi</span> <span class='ocrx_word' id='word_1_81' title='bbox 981 1013 1264 1059; x_wconf 89' lang='lat' dir='ltr'>substantiae</span> <span class='ocrx_word' id='word_1_82' title='bbox 1307 1013 1519 1058; x_wconf 89' lang='lat' dir='ltr'>cinereae</span> <span class='ocrx_word' id='word_1_83' title='bbox 1562 1012 1685 1058; x_wconf 89' lang='lat' dir='ltr'>haud</span> <span class='ocrx_word' id='word_1_84' title='bbox 1718 1027 1816 1058; x_wconf 89' lang='lat' dir='ltr'>am-</span> 
     </span>
     <span class='ocr_line' id='line_1_12' title="bbox 190 1080 1816 1147; baseline -0.004 -15"><span class='ocrx_word' id='word_1_85' title='bbox 190 1086 308 1147; x_wconf 90' lang='lat' dir='ltr'>plius</span> <span class='ocrx_word' id='word_1_86' title='bbox 342 1101 427 1146; x_wconf 93' lang='lat' dir='ltr'>pro</span> <span class='ocrx_word' id='word_1_87' title='bbox 461 1083 699 1131; x_wconf 83' lang='lat' dir='ltr'>elementis</span> <span class='ocrx_word' id='word_1_88' title='bbox 736 1081 918 1127; x_wconf 87' lang='lat' dir='ltr'>nerveis</span> <span class='ocrx_word' id='word_1_89' title='bbox 953 1081 1101 1141; x_wconf 90' lang='lat' dir='ltr'>putari</span> <span class='ocrx_word' id='word_1_90' title='bbox 1134 1086 1315 1141; x_wconf 89' lang='lat' dir='ltr'>queant.</span> <span class='ocrx_word' id='word_1_91' title='bbox 1386 1080 1580 1125; x_wconf 89' lang='lat' dir='ltr'>Omnino</span> <span class='ocrx_word' id='word_1_92' title='bbox 1614 1080 1816 1140; x_wconf 88' lang='lat' dir='ltr'>optabile</span> 
     </span>
     <span class='ocr_line' id='line_1_13' title="bbox 189 1147 1816 1213; baseline -0.005 -14"><span class='ocrx_word' id='word_1_93' title='bbox 189 1159 272 1209; x_wconf 92' lang='lat' dir='ltr'>est,</span> <span class='ocrx_word' id='word_1_94' title='bbox 307 1153 572 1213; x_wconf 85' lang='lat' dir='ltr'>priusquam</span> <span class='ocrx_word' id='word_1_95' title='bbox 609 1150 754 1196; x_wconf 91' lang='lat' dir='ltr'>fibrae</span> <span class='ocrx_word' id='word_1_96' title='bbox 785 1148 1011 1209; x_wconf 85' lang='lat' dir='ltr'>quaedam</span> <span class='ocrx_word' id='word_1_97' title='bbox 1044 1149 1269 1202; x_wconf 84' lang='lat' dir='ltr'>cinereae,</span> <span class='ocrx_word' id='word_1_98' title='bbox 1304 1147 1364 1193; x_wconf 92' lang='lat' dir='ltr'>ad</span> <span class='ocrx_word' id='word_1_99' title='bbox 1399 1147 1665 1206; x_wconf 86' lang='lat' dir='ltr'>dignitatem</span> <span class='ocrx_word' id='word_1_100' title='bbox 1697 1147 1816 1208; x_wconf 82' lang='lat' dir='ltr'>phy-</span> 
     </span>
     <span class='ocr_line' id='line_1_14' title="bbox 190 1214 1817 1280; baseline -0.004 -14"><span class='ocrx_word' id='word_1_101' title='bbox 190 1220 456 1280; x_wconf 86' lang='lat' dir='ltr'>siologicam</span> <span class='ocrx_word' id='word_1_102' title='bbox 483 1218 609 1279; x_wconf 90' lang='lat' dir='ltr'>quod</span> <span class='ocrx_word' id='word_1_103' title='bbox 644 1218 813 1271; x_wconf 86' lang='lat' dir='ltr'>attinet,</span> <span class='ocrx_word' id='word_1_104' title='bbox 850 1217 1006 1261; x_wconf 79' lang='lat' dir='ltr'>tubulo</span> <span class='ocrx_word' id='word_1_105' title='bbox 1042 1215 1267 1276; x_wconf 89' lang='lat' dir='ltr'>primitivo</span> <span class='ocrx_word' id='word_1_106' title='bbox 1300 1215 1406 1260; x_wconf 87' lang='lat' dir='ltr'>albo</span> <span class='ocrx_word' id='word_1_107' title='bbox 1445 1229 1582 1275; x_wconf 91' lang='lat' dir='ltr'>pares</span> <span class='ocrx_word' id='word_1_108' title='bbox 1607 1214 1817 1260; x_wconf 89' lang='lat' dir='ltr'>habean-</span> 
     </span>
     <span class='ocr_line' id='line_1_15' title="bbox 190 1282 1818 1346; baseline -0.004 -12"><span class='ocrx_word' id='word_1_109' title='bbox 190 1294 285 1343; x_wconf 85' lang='lat' dir='ltr'>tur,</span> <span class='ocrx_word' id='word_1_110' title='bbox 339 1287 626 1346; x_wconf 82' lang='lat' dir='ltr'>diligentiore</span> <span class='ocrx_word' id='word_1_111' title='bbox 676 1284 995 1344; x_wconf 83' lang='lat' dir='ltr'>disquisitione</span> <span class='ocrx_word' id='word_1_112' title='bbox 1053 1282 1210 1338; x_wconf 89' lang='lat' dir='ltr'>statui,</span> <span class='ocrx_word' id='word_1_113' title='bbox 1267 1296 1374 1328; x_wconf 90' lang='lat' dir='ltr'>num</span> <span class='ocrx_word' id='word_1_114' title='bbox 1424 1289 1721 1342; x_wconf 88' lang='lat' dir='ltr'>utrorumque</span> <span class='ocrx_word' id='word_1_115' title='bbox 1771 1289 1818 1328; x_wconf 87' lang='lat' dir='ltr'>et</span> 
     </span>
     <span class='ocr_line' id='line_1_16' title="bbox 190 1348 1814 1414; baseline -0.005 -12"><span class='ocrx_word' id='word_1_116' title='bbox 190 1360 418 1402; x_wconf 85' lang='lat' dir='ltr'>structura</span> <span class='ocrx_word' id='word_1_117' title='bbox 461 1361 507 1400; x_wconf 92' lang='lat' dir='ltr'>et</span> <span class='ocrx_word' id='word_1_118' title='bbox 557 1353 737 1414; x_wconf 89' lang='lat' dir='ltr'>species</span> <span class='ocrx_word' id='word_1_119' title='bbox 777 1357 1052 1410; x_wconf 88' lang='lat' dir='ltr'>congruant,</span> <span class='ocrx_word' id='word_1_120' title='bbox 1104 1353 1285 1396; x_wconf 77' lang='lat' dir='ltr'>necne‘?</span> <span class='ocrx_word' id='word_1_121' title='bbox 1352 1350 1426 1395; x_wconf 89' lang='lat' dir='ltr'>Sic</span> <span class='ocrx_word' id='word_1_122' title='bbox 1478 1348 1814 1396; x_wconf 89' lang='lat' dir='ltr'>decussationis</span> 
     </span>
     <span class='ocr_line' id='line_1_17' title="bbox 189 1417 1816 1482; baseline -0.004 -13"><span class='ocrx_word' id='word_1_123' title='bbox 189 1423 446 1477; x_wconf 83' lang='lat' dir='ltr'>fasciculos,</span> <span class='ocrx_word' id='word_1_124' title='bbox 483 1436 678 1482; x_wconf 89' lang='lat' dir='ltr'>quorum</span> <span class='ocrx_word' id='word_1_125' title='bbox 712 1419 855 1465; x_wconf 86' lang='lat' dir='ltr'>fibras</span> <span class='ocrx_word' id='word_1_126' title='bbox 889 1419 1174 1462; x_wconf 78' lang='lat' dir='ltr'>Blattmann</span> <span class='ocrx_word' id='word_1_127' title='bbox 1223 1418 1462 1463; x_wconf 89' lang='lat' dir='ltr'>similiores</span> <span class='ocrx_word' id='word_1_128' title='bbox 1495 1417 1629 1471; x_wconf 90' lang='lat' dir='ltr'>albis,</span> <span class='ocrx_word' id='word_1_129' title='bbox 1681 1432 1816 1477; x_wconf 88' lang='lat' dir='ltr'>quam</span> 
     </span>
     <span class='ocr_line' id='line_1_18' title="bbox 190 1483 1816 1547; baseline -0.005 -10"><span class='ocrx_word' id='word_1_130' title='bbox 190 1491 410 1543; x_wconf 90' lang='lat' dir='ltr'>cinereis,</span> <span class='ocrx_word' id='word_1_131' title='bbox 455 1504 562 1536; x_wconf 88' lang='lat' dir='ltr'>esse</span> <span class='ocrx_word' id='word_1_132' title='bbox 595 1489 799 1541; x_wconf 85' lang='lat' dir='ltr'>dixerat,</span> <span class='ocrx_word' id='word_1_133' title='bbox 854 1486 956 1547; x_wconf 87' lang='lat' dir='ltr'>piae</span> <span class='ocrx_word' id='word_1_134' title='bbox 1001 1486 1159 1531; x_wconf 85' lang='lat' dir='ltr'>matris</span> <span class='ocrx_word' id='word_1_135' title='bbox 1204 1485 1453 1530; x_wconf 88' lang='lat' dir='ltr'>lamellulas</span> <span class='ocrx_word' id='word_1_136' title='bbox 1493 1498 1600 1530; x_wconf 92' lang='lat' dir='ltr'>esse</span> <span class='ocrx_word' id='word_1_137' title='bbox 1634 1483 1816 1530; x_wconf 91' lang='lat' dir='ltr'>demum</span> 
     </span>
     <span class='ocr_line' id='line_1_19' title="bbox 190 1551 1817 1620; baseline -0.006 -15"><span class='ocrx_word' id='word_1_138' title='bbox 190 1564 474 1620; x_wconf 87' lang='lat' dir='ltr'>compertum</span> <span class='ocrx_word' id='word_1_139' title='bbox 509 1558 601 1603; x_wconf 76' lang='lat' dir='ltr'>est!</span> <span class='ocrx_word' id='word_1_140' title='bbox 672 1556 907 1602; x_wconf 83' lang='lat' dir='ltr'>Fibrarum</span> <span class='ocrx_word' id='word_1_141' title='bbox 944 1553 1315 1600; x_wconf 86' lang='lat' dir='ltr'>decussationem</span> <span class='ocrx_word' id='word_1_142' title='bbox 1354 1553 1396 1598; x_wconf 93' lang='lat' dir='ltr'>in</span> <span class='ocrx_word' id='word_1_143' title='bbox 1431 1552 1541 1598; x_wconf 92' lang='lat' dir='ltr'>sulci</span> <span class='ocrx_word' id='word_1_144' title='bbox 1574 1551 1817 1597; x_wconf 89' lang='lat' dir='ltr'>anterioris</span> 
     </span>
     <span class='ocr_line' id='line_1_20' title="bbox 189 1618 1815 1686; baseline -0.006 -13"><span class='ocrx_word' id='word_1_145' title='bbox 189 1626 357 1682; x_wconf 86' lang='lat' dir='ltr'>fundo,</span> <span class='ocrx_word' id='word_1_146' title='bbox 410 1639 528 1686; x_wconf 89' lang='lat' dir='ltr'>quae</span> <span class='ocrx_word' id='word_1_147' title='bbox 564 1624 749 1684; x_wconf 87' lang='lat' dir='ltr'>saepius</span> <span class='ocrx_word' id='word_1_148' title='bbox 785 1623 1035 1668; x_wconf 86' lang='lat' dir='ltr'>observata</span> <span class='ocrx_word' id='word_1_149' title='bbox 1081 1621 1220 1667; x_wconf 80' lang='lat' dir='ltr'>variis</span> <span class='ocrx_word' id='word_1_150' title='bbox 1264 1620 1541 1678; x_wconf 84' lang='lat' dir='ltr'>conjecturis</span> <span class='ocrx_word' id='word_1_151' title='bbox 1581 1618 1640 1665; x_wconf 91' lang='lat' dir='ltr'>de</span> <span class='ocrx_word' id='word_1_152' title='bbox 1689 1633 1815 1665; x_wconf 90' lang='lat' dir='ltr'>com-</span> 
     </span>
     <span class='ocr_line' id='line_1_21' title="bbox 188 1686 1814 1748; baseline -0.005 -8"><span class='ocrx_word' id='word_1_153' title='bbox 188 1694 415 1740; x_wconf 88' lang='lat' dir='ltr'>missurae</span> <span class='ocrx_word' id='word_1_154' title='bbox 449 1692 690 1739; x_wconf 88' lang='lat' dir='ltr'>anterioris</span> <span class='ocrx_word' id='word_1_155' title='bbox 724 1690 996 1736; x_wconf 86' lang='lat' dir='ltr'>formatione</span> <span class='ocrx_word' id='word_1_156' title='bbox 1022 1703 1180 1735; x_wconf 87' lang='lat' dir='ltr'>ansam</span> <span class='ocrx_word' id='word_1_157' title='bbox 1208 1688 1427 1748; x_wconf 86' lang='lat' dir='ltr'>praebuit,</span> <span class='ocrx_word' id='word_1_158' title='bbox 1446 1686 1814 1732; x_wconf 84' lang='lat' dir='ltr'>verisimillimum</span> 
     </span>
     <span class='ocr_line' id='line_1_22' title="bbox 189 1755 1816 1820; baseline -0.006 -12"><span class='ocrx_word' id='word_1_159' title='bbox 189 1767 274 1817; x_wconf 87' lang='lat' dir='ltr'>est,</span> <span class='ocrx_word' id='word_1_160' title='bbox 311 1761 447 1806; x_wconf 88' lang='lat' dir='ltr'>etiam</span> <span class='ocrx_word' id='word_1_161' title='bbox 480 1761 524 1805; x_wconf 89' lang='lat' dir='ltr'>in</span> <span class='ocrx_word' id='word_1_162' title='bbox 561 1759 848 1820; x_wconf 91' lang='lat' dir='ltr'>superiorum</span> <span class='ocrx_word' id='word_1_163' title='bbox 885 1756 1143 1802; x_wconf 89' lang='lat' dir='ltr'>animalium</span> <span class='ocrx_word' id='word_1_164' title='bbox 1177 1755 1373 1801; x_wconf 84' lang='lat' dir='ltr'>medulla</span> <span class='ocrx_word' id='word_1_165' title='bbox 1403 1768 1496 1799; x_wconf 92' lang='lat' dir='ltr'>non</span> <span class='ocrx_word' id='word_1_166' title='bbox 1520 1756 1684 1800; x_wconf 89' lang='lat' dir='ltr'>factam</span> <span class='ocrx_word' id='word_1_167' title='bbox 1708 1768 1816 1799; x_wconf 85' lang='lat' dir='ltr'>esse</span> 
     </span>
     <span class='ocr_line' id='line_1_23' title="bbox 189 1821 1816 1889; baseline -0.006 -14"><span class='ocrx_word' id='word_1_168' title='bbox 189 1828 277 1875; x_wconf 87' lang='lat' dir='ltr'>nisi</span> <span class='ocrx_word' id='word_1_169' title='bbox 314 1829 416 1889; x_wconf 89' lang='lat' dir='ltr'>piae</span> <span class='ocrx_word' id='word_1_170' title='bbox 451 1828 608 1873; x_wconf 88' lang='lat' dir='ltr'>matris</span> <span class='ocrx_word' id='word_1_171' title='bbox 645 1825 840 1880; x_wconf 89' lang='lat' dir='ltr'>fibrillis,</span> <span class='ocrx_word' id='word_1_172' title='bbox 873 1824 1136 1885; x_wconf 86' lang='lat' dir='ltr'>priusquam</span> <span class='ocrx_word' id='word_1_173' title='bbox 1174 1824 1219 1868; x_wconf 90' lang='lat' dir='ltr'>in</span> <span class='ocrx_word' id='word_1_174' title='bbox 1251 1821 1554 1868; x_wconf 88' lang='lat' dir='ltr'>substantiam</span> <span class='ocrx_word' id='word_1_175' title='bbox 1589 1821 1816 1866; x_wconf 88' lang='lat' dir='ltr'>cineream</span> 
     </span>
     <span class='ocr_line' id='line_1_24' title="bbox 190 1888 1817 1956; baseline -0.006 -13"><span class='ocrx_word' id='word_1_176' title='bbox 190 1896 529 1956; x_wconf 82' lang='lat' dir='ltr'>immergantur,</span> <span class='ocrx_word' id='word_1_177' title='bbox 568 1893 766 1953; x_wconf 89' lang='lat' dir='ltr'>regulari</span> <span class='ocrx_word' id='word_1_178' title='bbox 802 1891 942 1938; x_wconf 89' lang='lat' dir='ltr'>modo</span> <span class='ocrx_word' id='word_1_179' title='bbox 979 1892 1096 1936; x_wconf 88' lang='lat' dir='ltr'>inter</span> <span class='ocrx_word' id='word_1_180' title='bbox 1131 1905 1181 1936; x_wconf 90' lang='lat' dir='ltr'>se</span> <span class='ocrx_word' id='word_1_181' title='bbox 1218 1888 1453 1950; x_wconf 88' lang='lat' dir='ltr'>implicitis.</span> <span class='ocrx_word' id='word_1_182' title='bbox 1537 1888 1665 1943; x_wconf 89' lang='lat' dir='ltr'>Quae</span> <span class='ocrx_word' id='word_1_183' title='bbox 1709 1902 1817 1934; x_wconf 91' lang='lat' dir='ltr'>sen-</span> 
     </span>
     <span class='ocr_line' id='line_1_25' title="bbox 191 1956 1819 2018; baseline -0.006 -9"><span class='ocrx_word' id='word_1_184' title='bbox 191 1964 357 2018; x_wconf 86' lang='lat' dir='ltr'>tentia,</span> <span class='ocrx_word' id='word_1_185' title='bbox 393 1962 559 2009; x_wconf 89' lang='lat' dir='ltr'>utalia</span> <span class='ocrx_word' id='word_1_186' title='bbox 612 1961 834 2015; x_wconf 90' lang='lat' dir='ltr'>omittam,</span> <span class='ocrx_word' id='word_1_187' title='bbox 883 1958 1192 2004; x_wconf 86' lang='lat' dir='ltr'>delineatione</span> <span class='ocrx_word' id='word_1_188' title='bbox 1240 1957 1570 2002; x_wconf 87' lang='lat' dir='ltr'>commissurae</span> <span class='ocrx_word' id='word_1_189' title='bbox 1625 1956 1757 2001; x_wconf 88' lang='lat' dir='ltr'>albae</span> <span class='ocrx_word' id='word_1_190' title='bbox 1792 1970 1819 2001; x_wconf 89' lang='lat' dir='ltr'>a</span> 
     </span>
     <span class='ocr_line' id='line_1_26' title="bbox 194 2024 1818 2091; baseline -0.006 -15"><span class='ocrx_word' id='word_1_191' title='bbox 194 2031 441 2076; x_wconf 80' lang='lat' dir='ltr'>Koelliker</span> <span class='ocrx_word' id='word_1_192' title='bbox 476 2030 656 2091; x_wconf 88' lang='lat' dir='ltr'>prolata</span> <span class='ocrx_word' id='word_1_193' title='bbox 680 2026 787 2089; x_wconf 84' lang='lat'>50),</span> <span class='ocrx_word' id='word_1_194' title='bbox 841 2027 886 2071; x_wconf 91' lang='lat' dir='ltr'>in</span> <span class='ocrx_word' id='word_1_195' title='bbox 918 2041 1008 2086; x_wconf 91' lang='lat' dir='ltr'>qua</span> <span class='ocrx_word' id='word_1_196' title='bbox 1042 2032 1138 2071; x_wconf 84' lang='lat' dir='ltr'>rete</span> <span class='ocrx_word' id='word_1_197' title='bbox 1172 2039 1198 2070; x_wconf 93' lang='lat' dir='ltr'>e</span> <span class='ocrx_word' id='word_1_198' title='bbox 1230 2026 1319 2070; x_wconf 89' lang='lat' dir='ltr'>tela</span> <span class='ocrx_word' id='word_1_199' title='bbox 1353 2024 1643 2081; x_wconf 87' lang='lat' dir='ltr'>conjunctiva</span> <span class='ocrx_word' id='word_1_200' title='bbox 1689 2037 1818 2068; x_wconf 91' lang='lat' dir='ltr'>com-</span> 
     </span>
     <span class='ocr_line' id='line_1_27' title="bbox 190 2089 1819 2160; baseline -0.007 -15"><span class='ocrx_word' id='word_1_201' title='bbox 190 2099 392 2160; x_wconf 89' lang='lat' dir='ltr'>positum</span> <span class='ocrx_word' id='word_1_202' title='bbox 427 2099 562 2158; x_wconf 89' lang='lat' dir='ltr'>plane</span> <span class='ocrx_word' id='word_1_203' title='bbox 597 2095 903 2154; x_wconf 79' lang='lat' dir='ltr'>cognoscitur,</span> <span class='ocrx_word' id='word_1_204' title='bbox 942 2094 1141 2138; x_wconf 84' lang='lat' dir='ltr'>maxime</span> <span class='ocrx_word' id='word_1_205' title='bbox 1185 2091 1490 2137; x_wconf 89' lang='lat' dir='ltr'>confirmatur.</span> <span class='ocrx_word' id='word_1_206' title='bbox 1575 2089 1683 2135; x_wconf 90' lang='lat' dir='ltr'>Mihi</span> <span class='ocrx_word' id='word_1_207' title='bbox 1717 2089 1819 2150; x_wconf 91' lang='lat' dir='ltr'>qui-</span> 
     </span>
     <span class='ocr_line' id='line_1_28' title="bbox 194 2157 1820 2218; baseline -0.007 -6"><span class='ocrx_word' id='word_1_208' title='bbox 194 2166 301 2212; x_wconf 90' lang='lat' dir='ltr'>dem</span> <span class='ocrx_word' id='word_1_209' title='bbox 334 2164 519 2211; x_wconf 87' lang='lat' dir='ltr'>occasio</span> <span class='ocrx_word' id='word_1_210' title='bbox 554 2177 648 2208; x_wconf 92' lang='lat' dir='ltr'>non</span> <span class='ocrx_word' id='word_1_211' title='bbox 686 2162 828 2207; x_wconf 87' lang='lat' dir='ltr'>defuit</span> <span class='ocrx_word' id='word_1_212' title='bbox 875 2161 1102 2205; x_wconf 89' lang='lat' dir='ltr'>nonnullis</span> <span class='ocrx_word' id='word_1_213' title='bbox 1153 2157 1403 2218; x_wconf 85' lang='lat' dir='ltr'>segmentis</span> <span class='ocrx_word' id='word_1_214' title='bbox 1434 2171 1494 2201; x_wconf 91' lang='lat' dir='ltr'>ex</span> <span class='ocrx_word' id='word_1_215' title='bbox 1526 2157 1820 2202; x_wconf 89' lang='lat' dir='ltr'>animantium</span> 
     </span>
     <span class='ocr_line' id='line_1_29' title="bbox 192 2224 1821 2293; baseline -0.007 -14"><span class='ocrx_word' id='word_1_216' title='bbox 192 2232 482 2293; x_wconf 88' lang='lat' dir='ltr'>superiorum</span> <span class='ocrx_word' id='word_1_217' title='bbox 518 2230 728 2276; x_wconf 90' lang='lat' dir='ltr'>ordinum</span> <span class='ocrx_word' id='word_1_218' title='bbox 761 2227 960 2273; x_wconf 88' lang='lat' dir='ltr'>medulla</span> <span class='ocrx_word' id='word_1_219' title='bbox 992 2226 1196 2287; x_wconf 88' lang='lat' dir='ltr'>repetitis</span> <span class='ocrx_word' id='word_1_220' title='bbox 1228 2225 1335 2270; x_wconf 91' lang='lat' dir='ltr'>mihi</span> <span class='ocrx_word' id='word_1_221' title='bbox 1371 2224 1704 2285; x_wconf 90' lang='lat' dir='ltr'>persuadendi,</span> <span class='ocrx_word' id='word_1_222' title='bbox 1742 2238 1821 2269; x_wconf 94' lang='lat' dir='ltr'>ra-</span> 
     </span>
     <span class='ocr_line' id='line_1_30' title="bbox 191 2290 1820 2353; baseline -0.006 -7"><span class='ocrx_word' id='word_1_223' title='bbox 191 2302 343 2346; x_wconf 90' lang='lat' dir='ltr'>tiones</span> <span class='ocrx_word' id='word_1_224' title='bbox 375 2298 474 2345; x_wconf 93' lang='lat' dir='ltr'>illas</span> <span class='ocrx_word' id='word_1_225' title='bbox 504 2298 550 2343; x_wconf 89' lang='lat' dir='ltr'>in</span> <span class='ocrx_word' id='word_1_226' title='bbox 584 2298 672 2343; x_wconf 89' lang='lat' dir='ltr'>hac</span> <span class='ocrx_word' id='word_1_227' title='bbox 712 2296 896 2342; x_wconf 86' lang='lat' dir='ltr'>omnino</span> <span class='ocrx_word' id='word_1_228' title='bbox 929 2294 1119 2340; x_wconf 87' lang='lat' dir='ltr'>easdem</span> <span class='ocrx_word' id='word_1_229' title='bbox 1151 2307 1258 2339; x_wconf 89' lang='lat' dir='ltr'>esse</span> <span class='ocrx_word' id='word_1_230' title='bbox 1295 2301 1432 2353; x_wconf 88' lang='lat' dir='ltr'>atque</span> <span class='ocrx_word' id='word_1_231' title='bbox 1466 2306 1581 2351; x_wconf 90' lang='lat' dir='ltr'>quas</span> <span class='ocrx_word' id='word_1_232' title='bbox 1618 2292 1664 2336; x_wconf 92' lang='lat' dir='ltr'>in</span> <span class='ocrx_word' id='word_1_233' title='bbox 1697 2290 1820 2337; x_wconf 87' lang='lat' dir='ltr'>ranis</span> 
     </span>
     <span class='ocr_line' id='line_1_31' title="bbox 193 2357 1818 2425; baseline -0.007 -11"><span class='ocrx_word' id='word_1_234' title='bbox 193 2369 470 2414; x_wconf 87' lang='lat' dir='ltr'>observatas</span> <span class='ocrx_word' id='word_1_235' title='bbox 504 2365 742 2425; x_wconf 90' lang='lat' dir='ltr'>descripsi.</span> <span class='ocrx_word' id='word_1_236' title='bbox 812 2364 910 2407; x_wconf 92' lang='lat' dir='ltr'>Hoc</span> <span class='ocrx_word' id='word_1_237' title='bbox 943 2368 1117 2407; x_wconf 83' lang='lat' dir='ltr'>tantuin</span> <span class='ocrx_word' id='word_1_238' title='bbox 1160 2362 1352 2406; x_wconf 87' lang='lat' dir='ltr'>interest</span> <span class='ocrx_word' id='word_1_239' title='bbox 1392 2359 1648 2414; x_wconf 89' lang='lat' dir='ltr'>discrimen,</span> <span class='ocrx_word' id='word_1_240' title='bbox 1682 2357 1818 2419; x_wconf 91' lang='lat' dir='ltr'>quod,</span> 
     </span>
     <span class='ocr_line' id='line_1_32' title="bbox 193 2426 1821 2497; baseline -0.007 -16"><span class='ocrx_word' id='word_1_241' title='bbox 193 2450 333 2497; x_wconf 90' lang='lat' dir='ltr'>quum</span> <span class='ocrx_word' id='word_1_242' title='bbox 379 2449 463 2495; x_wconf 85' lang='lat' dir='ltr'>per</span> <span class='ocrx_word' id='word_1_243' title='bbox 493 2432 707 2479; x_wconf 89' lang='lat' dir='ltr'>fissuram</span> <span class='ocrx_word' id='word_1_244' title='bbox 739 2429 1045 2492; x_wconf 90' lang='lat' dir='ltr'>posteriorem</span> <span class='ocrx_word' id='word_1_245' title='bbox 1087 2442 1337 2490; x_wconf 90' lang='lat' dir='ltr'>processus</span> <span class='ocrx_word' id='word_1_246' title='bbox 1384 2427 1593 2488; x_wconf 88' lang='lat' dir='ltr'>quamvis</span> <span class='ocrx_word' id='word_1_247' title='bbox 1633 2426 1821 2472; x_wconf 89' lang='lat' dir='ltr'>brevior</span> 
     </span>
     <span class='ocr_line' id='line_1_33' title="bbox 194 2494 1821 2559; baseline -0.007 -10"><span class='ocrx_word' id='word_1_248' title='bbox 194 2502 481 2550; x_wconf 86' lang='lat' dir='ltr'>substantiae</span> <span class='ocrx_word' id='word_1_249' title='bbox 512 2501 726 2546; x_wconf 88' lang='lat' dir='ltr'>cinereae</span> <span class='ocrx_word' id='word_1_250' title='bbox 761 2497 860 2559; x_wconf 89' lang='lat' dir='ltr'>pari</span> <span class='ocrx_word' id='word_1_251' title='bbox 890 2497 1031 2543; x_wconf 89' lang='lat' dir='ltr'>modo</span> <span class='ocrx_word' id='word_1_252' title='bbox 1063 2496 1301 2549; x_wconf 90' lang='lat' dir='ltr'>inseratur,</span> <span class='ocrx_word' id='word_1_253' title='bbox 1337 2495 1382 2539; x_wconf 93' lang='lat' dir='ltr'>in</span> <span class='ocrx_word' id='word_1_254' title='bbox 1414 2494 1706 2540; x_wconf 89' lang='lat' dir='ltr'>animantium</span> <span class='ocrx_word' id='word_1_255' title='bbox 1742 2507 1821 2538; x_wconf 88' lang='lat' dir='ltr'>su-</span> 
     </span>
     <span class='ocr_line' id='line_1_34' title="bbox 193 2562 1823 2632; baseline -0.008 -15"><span class='ocrx_word' id='word_1_256' title='bbox 193 2571 426 2632; x_wconf 86' lang='lat' dir='ltr'>periorum</span> <span class='ocrx_word' id='word_1_257' title='bbox 461 2567 660 2614; x_wconf 90' lang='lat' dir='ltr'>medulla</span> <span class='ocrx_word' id='word_1_258' title='bbox 692 2567 779 2612; x_wconf 88' lang='lat' dir='ltr'>ista</span> <span class='ocrx_word' id='word_1_259' title='bbox 803 2565 1067 2611; x_wconf 90' lang='lat' dir='ltr'>decussatio</span> <span class='ocrx_word' id='word_1_260' title='bbox 1103 2564 1274 2624; x_wconf 84' lang='lat' dir='ltr'>duplex</span> <span class='ocrx_word' id='word_1_261' title='bbox 1310 2562 1520 2616; x_wconf 88' lang='lat' dir='ltr'>cernitur,</span> <span class='ocrx_word' id='word_1_262' title='bbox 1557 2567 1609 2607; x_wconf 79' lang='lat' dir='ltr'>et&#39;</span> <span class='ocrx_word' id='word_1_263' title='bbox 1637 2565 1742 2606; x_wconf 90' lang='lat' dir='ltr'>ante</span> <span class='ocrx_word' id='word_1_264' title='bbox 1776 2565 1823 2604; x_wconf 90' lang='lat' dir='ltr'>et</span> 
     </span>
     <span class='ocr_line' id='line_1_35' title="bbox 194 2629 1821 2699; baseline -0.007 -16"><span class='ocrx_word' id='word_1_265' title='bbox 194 2644 303 2699; x_wconf 90' lang='lat' dir='ltr'>post</span> <span class='ocrx_word' id='word_1_266' title='bbox 360 2636 658 2682; x_wconf 89' lang='lat' dir='ltr'>canaliculum</span> <span class='ocrx_word' id='word_1_267' title='bbox 705 2633 964 2678; x_wconf 86' lang='lat' dir='ltr'>centralem.</span> <span class='ocrx_word' id='word_1_268' title='bbox 1059 2631 1353 2677; x_wconf 74' lang='lat' dir='ltr'>Substantias</span> <span class='ocrx_word' id='word_1_269' title='bbox 1410 2630 1622 2675; x_wconf 88' lang='lat' dir='ltr'>cinereae</span> <span class='ocrx_word' id='word_1_270' title='bbox 1675 2629 1821 2672; x_wconf 86' lang='lat' dir='ltr'>forma</span> 
     </span>
     <span class='ocr_line' id='line_1_36' title="bbox 194 2693 1823 2760; baseline -0.007 -10"><span class='ocrx_word' id='word_1_271' title='bbox 194 2703 501 2750; x_wconf 88' lang='lat' dir='ltr'>mammalium</span> <span class='ocrx_word' id='word_1_272' title='bbox 533 2701 761 2747; x_wconf 90' lang='lat' dir='ltr'>medullae</span> <span class='ocrx_word' id='word_1_273' title='bbox 786 2699 973 2760; x_wconf 89' lang='lat' dir='ltr'>propria</span> <span class='ocrx_word' id='word_1_274' title='bbox 999 2699 1060 2744; x_wconf 90' lang='lat' dir='ltr'>ita</span> <span class='ocrx_word' id='word_1_275' title='bbox 1086 2697 1193 2752; x_wconf 89' lang='lat' dir='ltr'>tulit,</span> <span class='ocrx_word' id='word_1_276' title='bbox 1229 2703 1278 2743; x_wconf 93' lang='lat' dir='ltr'>ut</span> <span class='ocrx_word' id='word_1_277' title='bbox 1311 2697 1586 2743; x_wconf 89' lang='lat' dir='ltr'>observator</span> <span class='ocrx_word' id='word_1_278' title='bbox 1609 2694 1654 2738; x_wconf 91' lang='lat' dir='ltr'>in</span> <span class='ocrx_word' id='word_1_279' title='bbox 1679 2693 1823 2739; x_wconf 74' lang='lat' dir='ltr'>fibra—-</span> 
     </span>
     <span class='ocr_line' id='line_1_37' title="bbox 195 2762 1821 2827; baseline -0.007 -9"><span class='ocrx_word' id='word_1_280' title='bbox 195 2787 296 2818; x_wconf 87' lang='lat' dir='ltr'>rum</span> <span class='ocrx_word' id='word_1_281' title='bbox 327 2770 698 2817; x_wconf 87' lang='lat' dir='ltr'>decussationem</span> <span class='ocrx_word' id='word_1_282' title='bbox 732 2768 967 2827; x_wconf 90' lang='lat' dir='ltr'>inquirens</span> <span class='ocrx_word' id='word_1_283' title='bbox 992 2766 1165 2811; x_wconf 86' lang='lat' dir='ltr'>facilius</span> <span class='ocrx_word' id='word_1_284' title='bbox 1197 2778 1357 2811; x_wconf 90' lang='lat' dir='ltr'>errore</span> <span class='ocrx_word' id='word_1_285' title='bbox 1382 2763 1637 2809; x_wconf 87' lang='lat' dir='ltr'>duceretur.</span> <span class='ocrx_word' id='word_1_286' title='bbox 1706 2762 1821 2807; x_wconf 89' lang='lat' dir='ltr'>Nam</span> 
     </span>
     <span class='ocr_line' id='line_1_38' title="bbox 197 2829 1823 2900; baseline -0.007 -17"><span class='ocrx_word' id='word_1_287' title='bbox 197 2839 301 2900; x_wconf 90' lang='lat' dir='ltr'>piae</span> <span class='ocrx_word' id='word_1_288' title='bbox 336 2838 495 2884; x_wconf 87' lang='lat' dir='ltr'>matris</span> <span class='ocrx_word' id='word_1_289' title='bbox 531 2835 674 2882; x_wconf 88' lang='lat' dir='ltr'>fibras</span> <span class='ocrx_word' id='word_1_290' title='bbox 711 2832 1033 2880; x_wconf 88' lang='lat' dir='ltr'>decussatione</span> <span class='ocrx_word' id='word_1_291' title='bbox 1066 2834 1186 2878; x_wconf 88' lang='lat' dir='ltr'>facta</span> <span class='ocrx_word' id='word_1_292' title='bbox 1224 2831 1424 2877; x_wconf 86' lang='lat' dir='ltr'>reflexas</span> <span class='ocrx_word' id='word_1_293' title='bbox 1456 2843 1603 2890; x_wconf 91' lang='lat' dir='ltr'>usque</span> <span class='ocrx_word' id='word_1_294' title='bbox 1638 2829 1683 2873; x_wconf 90' lang='lat' dir='ltr'>in</span> <span class='ocrx_word' id='word_1_295' title='bbox 1716 2842 1823 2873; x_wconf 91' lang='lat' dir='ltr'>cor-</span> 
     </span>
     <span class='ocr_line' id='line_1_39' title="bbox 198 2899 1822 2966; baseline -0.007 -14"><span class='ocrx_word' id='word_1_296' title='bbox 198 2921 337 2952; x_wconf 89' lang='lat' dir='ltr'>nuum</span> <span class='ocrx_word' id='word_1_297' title='bbox 371 2904 750 2966; x_wconf 90' lang='lat' dir='ltr'>respondentium</span> <span class='ocrx_word' id='word_1_298' title='bbox 783 2901 981 2962; x_wconf 88' lang='lat' dir='ltr'>apicem,</span> <span class='ocrx_word' id='word_1_299' title='bbox 1017 2914 1131 2960; x_wconf 87' lang='lat' dir='ltr'>ergo</span> <span class='ocrx_word' id='word_1_300' title='bbox 1161 2899 1222 2945; x_wconf 88' lang='lat' dir='ltr'>ad</span> <span class='ocrx_word' id='word_1_301' title='bbox 1255 2912 1360 2944; x_wconf 92' lang='lat' dir='ltr'>eum</span> <span class='ocrx_word' id='word_1_302' title='bbox 1397 2899 1570 2953; x_wconf 90' lang='lat' dir='ltr'>locum,</span> <span class='ocrx_word' id='word_1_303' title='bbox 1616 2909 1708 2957; x_wconf 90' lang='lat' dir='ltr'>quo</span> <span class='ocrx_word' id='word_1_304' title='bbox 1746 2909 1822 2941; x_wconf 92' lang='lat' dir='ltr'>ra-</span> 
     </span>
    </p>
   </div>
   <div class='ocr_carea' id='block_1_3' title="bbox 296 3050 1210 3102">
    <p class='ocr_par' dir='ltr' id='par_1_3' title="bbox 296 3050 1210 3102">
     <span class='ocr_line' id='line_1_40' title="bbox 296 3050 1210 3102; baseline -0.008 -9"><span class='ocrx_word' id='word_1_305' title='bbox 296 3058 358 3102; x_wconf 83' lang='lat'>50)</span> <span class='ocrx_word' id='word_1_306' title='bbox 404 3063 431 3093; x_wconf 85' lang='lat'>1.</span> <span class='ocrx_word' id='word_1_307' title='bbox 455 3069 488 3093; x_wconf 81' lang='grc' dir='ltr'>ο.</span> <span class='ocrx_word' id='word_1_308' title='bbox 510 3062 586 3092; x_wconf 82' lang='lat' dir='ltr'>Vol.</span> <span class='ocrx_word' id='word_1_309' title='bbox 605 3060 659 3102; x_wconf 89' lang='lat'>11,</span> <span class='ocrx_word' id='word_1_310' title='bbox 685 3059 778 3097; x_wconf 73' lang='lat' dir='ltr'>parte</span> <span class='ocrx_word' id='word_1_311' title='bbox 801 3058 831 3089; x_wconf 89' lang='lat'>1.</span> <span class='ocrx_word' id='word_1_312' title='bbox 858 3058 940 3088; x_wconf 64' lang='grc' dir='ltr'>Ταῦ.</span> <span class='ocrx_word' id='word_1_313' title='bbox 965 3055 1025 3088; x_wconf 72' lang='lat' dir='ltr'>IV·</span> <span class='ocrx_word' id='word_1_314' title='bbox 1069 3052 1148 3092; x_wconf 66' lang='lat' dir='ltr'>rig.</span> <span class='ocrx_word' id='word_1_315' title='bbox 1174 3050 1210 3086; x_wconf 84' lang='grc'>3.</span> 
     </span>
    </p>
   </div>
   <div class='ocr_carea' id='block_1_4' title="bbox 1779 0 1988 26">
    <p class='ocr_par' dir='ltr' id='par_1_4' title="bbox 1779 0 1988 26">
     <span class='ocr_line' id='line_1_41' title="bbox 1779 0 1988 26; baseline 0.005 -9"><span class='ocrx_word' id='word_1_316' title='bbox 1779 0 1988 26; x_wconf 55' lang='grc' dir='ltr'>ῖΞκείέΡἘῖέΒΩΩῐΙὶΙ-ιξ</span> 
     </span>
    </p>
   </div>
  </div>
 </body>
</html>
