1991 3270
741 187 1081 233 „49—

113 322 167 366 tis
205 318 472 380 pellucidam
514 333 563 364 se
603 324 815 379 praestat,
853 320 913 363 ita
952 325 999 362 ut
1036 319 1079 362 in
1113 318 1275 377 quavis
1309 320 1404 364 sere
1442 321 1602 367 cellula
1640 335 1726 368 nu-

112 387 255 432 cleum
288 401 502 445 magnum
540 385 745 431 subtilius
780 390 1062 445 punctatum,
1098 385 1310 431 limitibus
1347 388 1457 433 satis
1492 389 1726 448 expressis

110 454 510 514 circumscriptum,
547 468 647 499 cum
683 452 891 497 nucleolo
928 451 1289 497 animadvertere
1326 455 1489 512 possis.
1560 456 1728 500 Nucle-

111 521 237 575 olus,
278 520 366 580 qui,
404 521 597 579 regulari
631 521 775 564 forma
812 518 1007 563 rotunda
1039 518 1240 577 insignis,
1276 520 1488 567 limitibus
1518 523 1729 567 fusciori-

109 588 195 632 bus
236 588 539 634 circumdatus
575 586 931 647 splendidusque
963 592 1164 646 apparet,
1200 589 1401 646 guttulae
1437 588 1582 649 adipis
1619 604 1726 648 spe-

109 654 224 699 ciem
260 656 406 700 offert.

242 722 290 766 In
330 721 584 767 substantia
627 720 807 765 cinerea
853 735 990 780 supra
1019 720 1112 777 jam
1145 719 1360 766 admonui
1407 723 1598 766 alterum
1634 721 1728 766 cel-

106 788 294 833 lularum
330 803 475 847 genus
509 788 721 841 inveniri,
772 801 889 847 quae
925 787 1128 847 quidem,
1185 802 1420 833 numerum
1466 790 1728 834 cellularum

106 855 246 900 modo
281 855 609 916 descriptarum
647 861 928 914 superantes,
961 862 1005 899 et
1036 855 1346 913 magnitudine
1383 863 1428 901 et
1464 856 1615 901 indole
1643 871 1726 902 sua

108 923 165 967 ab
202 923 356 968 alteris
389 923 526 980 longe
557 922 783 966 differunt.

243 991 356 1035 Sunt
375 988 493 1034 enim
518 989 787 1047 corpuscula
807 988 1013 1041 rotunda,
1041 988 1262 1033 diametro
1283 986 1728 1042 0,0035'¹'-—0,004“

107 1071 199 1115 par.
237 1056 469 1116 praedita,
511 1069 628 1114 quae
660 1055 944 1115 praeparatis
984 1055 1114 1099 acido
1149 1055 1380 1101 chromico
1415 1057 1637 1101 induratis
1673 1056 1727 1099 li—

105 1122 286 1168 mitibus
324 1121 568 1167 admodum
614 1123 752 1167 fuscis
798 1122 1037 1166 excellunt.
1109 1122 1339 1178 Ceterum,
1386 1125 1489 1168 licet
1535 1122 1724 1177 acidum,

106 1189 230 1249 quod
256 1189 360 1244 dixi,
399 1188 691 1243 substantiae,
733 1203 849 1249 quae
889 1190 1058 1234 cellulis
1091 1189 1220 1244 inest,
1262 1191 1460 1250 speciem
1494 1191 1629 1249 paulo
1656 1192 1728 1235 su—

107 1257 302 1301 seiorem
340 1256 529 1302 induere
564 1251 796 1309 videatur,
844 1263 994 1300 tamen
1036 1257 1080 1300 in
1124 1271 1394 1317 unaquaque
1439 1259 1596 1303 cellula
1632 1257 1727 1302 sin-

106 1324 250 1381 gulos,
288 1324 394 1384 quin
429 1324 563 1369 etiam
599 1323 745 1377 binos,
780 1324 968 1368 nucleos
1003 1324 1262 1383 planissime
1300 1339 1586 1383 cognoscere
1610 1325 1725 1371 licet.

106 1388 232 1444 Quae
267 1392 455 1436 cellulae
507 1391 616 1436 satis
662 1391 898 1435 confertim
946 1396 1081 1449 atque
1125 1392 1423 1452 aequabiliter
1467 1407 1548 1452 per
1587 1399 1727 1437 totam

108 1458 411 1503 substantiam
437 1458 664 1503 cineream
696 1458 893 1502 diffusae
930 1465 1186 1513 cernuntur,
1226 1459 1269 1502 in
1305 1461 1426 1504 nullo
1453 1466 1602 1504 tamen
1628 1474 1726 1504 me-

105 1523 251 1570 dullae
279 1525 464 1585 spinalis
498 1525 600 1570 loco
638 1532 762 1570 certa
794 1524 987 1584 quadam
1013 1539 1167 1570 earum
1194 1525 1493 1586 dispositione
1519 1526 1726 1571 animad—

105 1605 266 1646 versa,
318 1592 404 1637 nisi
440 1592 564 1651 quod
602 1593 644 1635 in
691 1606 845 1637 massa
892 1593 1096 1646 cinerea,
1151 1607 1268 1652 quae
1307 1594 1542 1639 ventriculi
1580 1594 1727 1653 quarti

104 1658 290 1704 fundum
326 1660 516 1713 format,
552 1665 686 1719 atque
723 1658 767 1703 in
800 1658 875 1703 filo
912 1659 1132 1703 terminali
1167 1661 1337 1718 largior
1370 1662 1554 1716 illarum,
1589 1676 1726 1721 quam

103 1725 148 1769 in
183 1726 365 1786 reliquis
402 1725 626 1771 medullae
665 1727 880 1786 partibus,
909 1726 1145 1771 multitudo
1181 1734 1365 1773 exstare
1400 1728 1592 1774 videtur.
1630 1730 1725 1774 Hae

105 1793 312 1847 cellulae,
355 1793 561 1853 quamvis
600 1795 720 1838 nulla
752 1794 953 1853 ipsarum
987 1808 1087 1838 cum
1123 1795 1357 1840 elementis
1401 1810 1511 1840 vere
1548 1794 1726 1841 fibi-atis

105 1860 361 1918 conjunctio
394 1860 437 1904 in
471 1861 560 1905 tela
599 1860 813 1905 continua
846 1860 1128 1920 deprehendi
1163 1862 1336 1920 possit,
1372 1877 1472 1907 cum
1510 1863 1727 1908 substan—

102 1927 162 1972 tia
204 1927 524 1973 fundamentali
564 1927 743 1972 informi
788 1934 939 1972 tamen
978 1928 1232 1973 arctissimo
1284 1931 1571 1974 continentur
1612 1945 1725 1975 con-

104 2008 237 2048 nexu,
276 2008 367 2054 quo
404 1993 474 2049 fit,
513 2001 562 2038 ut
597 1995 781 2039 cellulas
819 1995 929 2040 istas
966 1995 1096 2039 nullis
1135 1996 1420 2041 substantiae
1455 1997 1727 2042 fundamen-

105 2061 208 2106 talis
240 2061 471 2121 particulis
510 2061 867 2107 adhaerentibus
908 2076 1138 2121 nunquam
1172 2062 1435 2121 disjungere
1470 2079 1626 2124 queas.

240 2128 289 2172 In
321 2129 548 2173 nonnullis
585 2129 834 2187 segmentis
874 2135 1024 2174 autem
1049 2129 1213 2174 eximie
1246 2131 1468 2185 tenuibus,
1505 2131 1629 2191 quod
1666 2131 1725 2177 ad

104 2192 246 2238 hasce
282 2195 466 2240 cellulas
501 2196 670 2250 attinet,
707 2196 859 2253 imago
900 2195 1006 2240 mihi
1043 2197 1194 2241 oblata
1231 2204 1322 2252 est,
1373 2199 1551 2257 qualem
1591 2198 1635 2243 in
1669 2199 1725 2243 fi„-

103 2274 216 2319 gura
249 2261 285 2306 II
321 2261 502 2306 tabulae
541 2262 784 2320 adjunctae
831 2262 1063 2306 delineare
1109 2270 1301 2309 conatus
1339 2280 1449 2309 sum.
1520 2266 1723 2325 Praepa-

103 2334 268 2381 ratum,
306 2329 429 2387 quod
462 2329 580 2373 hanc
616 2329 856 2387 imaginem
903 2329 1007 2373 mihi
1044 2330 1274 2388 praebuit,
1319 2346 1344 2375 e
1378 2331 1453 2376 filo
1487 2333 1719 2388 terminali,

103 2395 200 2440 sola
234 2409 389 2440 massa
434 2395 617 2440 cinerea
663 2396 942 2455 composito,
987 2395 1276 2456 desumptum
1321 2404 1430 2443 erat.
1501 2400 1549 2443 In
1589 2400 1722 2457 hujus

102 2462 362 2522 praeparati
394 2462 604 2522 portione
637 2462 787 2507 media
824 2462 1084 2508 tenuissima
1122 2465 1309 2509 cellulae
1345 2480 1593 2524 processus
1620 2468 1721 2526 pal-

101 2528 219 2574 lidos
254 2528 456 2574 radiatos
497 2529 807 2583 ostenderunt,
846 2530 933 2588 qui,
969 2531 1026 2575 ab
1063 2531 1187 2575 initio
1224 2532 1421 2586 latiores,
1457 2534 1615 2592 raptim
1650 2540 1721 2579 at—

102 2596 273 2641 tenuati
305 2602 381 2641 aut
411 2596 556 2640 libero
593 2596 724 2656 apice
760 2595 1056 2651 finiebantur,
1092 2606 1168 2643 aut
1203 2599 1246 2642 in
1284 2599 1581 2645 substantiam
1618 2602 1721 2646 sun—

102 2662 403 2708 damentalem
445 2663 644 2718 abibant,
683 2663 896 2709 limitibus
930 2665 1140 2724 paulatim
1176 2667 1587 2721 evanescentibus,
1630 2676 1717 2724 ant,

101 2729 146 2775 id
182 2730 306 2790 quod
343 2730 620 2775 creberrime
655 2738 726 2775 est
763 2731 1079 2785 observatum,
1123 2747 1223 2778 cum
1260 2734 1446 2778 cellulae
1482 2734 1718 2793 proximae

102 2810 325 2857 processu
378 2797 506 2843 simili
555 2797 960 2856 conjungebantur.
1032 2798 1105 2845 Sic
1154 2800 1330 2853 evenit,
1382 2806 1431 2845 ut
1474 2803 1717 2848 nonnullae

102 2864 288 2910 cellulae
321 2878 422 2910 cum
456 2864 653 2920 duabus,
708 2865 815 2925 quin
858 2865 992 2910 immo
1030 2866 1185 2921 tribus,
1223 2867 1392 2911 cellulis
1426 2867 1582 2914 vicinis
1610 2869 1717 2927 jun-

103 2936 203 2977 ctae
239 2937 546 2979 cernerentur.
616 2932 664 2978 In
696 2931 968 2992 quibusdam
1008 2947 1121 2979 vero
1164 2934 1334 2980 cellulis
1369 2948 1514 2995 prope
1546 2938 1714 2981 canali-

487 3041 514 3060 ο
1407 3022 1453 3054 2²

1820 34 1926 139 a]
