<?xml version="1.0" encoding="UTF-8"?>
<!DOCTYPE html PUBLIC "-//W3C//DTD XHTML 1.0 Transitional//EN"
    "http://www.w3.org/TR/xhtml1/DTD/xhtml1-transitional.dtd">
<html xmlns="http://www.w3.org/1999/xhtml" xml:lang="en" lang="en">
 <head>
  <title>
</title>
<meta http-equiv="Content-Type" content="text/html;charset=utf-8" />
  <meta name='ocr-system' content='tesseract 3.04.00' />
  <meta name='ocr-capabilities' content='ocr_page ocr_carea ocr_par ocr_line ocrx_word'/>
</head>
<body>
  <div class='ocr_page' id='page_1' title='image "./demedullaespinal00kupf_0014.png"; bbox 0 0 1936 3281; ppageno 0'>
   <div class='ocr_carea' id='block_1_1' title="bbox 868 167 1205 214">
    <p class='ocr_par' dir='ltr' id='par_1_1' title="bbox 868 167 1205 214">
     <span class='ocr_line' id='line_1_1' title="bbox 868 167 1205 214; baseline 0 -13"><span class='ocrx_word' id='word_1_1' title='bbox 868 167 1205 214; x_wconf 69' lang='lat'>...40-</span> 
     </span>
    </p>
   </div>
   <div class='ocr_carea' id='block_1_2' title="bbox 224 298 1857 2045">
    <p class='ocr_par' dir='ltr' id='par_1_2' title="bbox 224 298 1852 632">
     <span class='ocr_line' id='line_1_2' title="bbox 225 298 1849 359; baseline -0.002 -12"><span class='ocrx_word' id='word_1_2' title='bbox 225 301 487 347; x_wconf 86' lang='lat' dir='ltr'>cautissime</span> <span class='ocrx_word' id='word_1_3' title='bbox 524 314 705 346; x_wconf 89' lang='lat' dir='ltr'>sursum</span> <span class='ocrx_word' id='word_1_4' title='bbox 740 300 947 355; x_wconf 75' lang='lat' dir='ltr'>traxeris,</span> <span class='ocrx_word' id='word_1_5' title='bbox 980 299 1161 345; x_wconf 82' lang='lat' dir='ltr'>funiculi</span> <span class='ocrx_word' id='word_1_6' title='bbox 1195 305 1358 345; x_wconf 87' lang='lat' dir='ltr'>tenues</span> <span class='ocrx_word' id='word_1_7' title='bbox 1390 298 1605 359; x_wconf 75' lang='lat' dir='ltr'>perfacile</span> <span class='ocrx_word' id='word_1_8' title='bbox 1639 313 1741 344; x_wconf 90' lang='lat' dir='ltr'>cum</span> <span class='ocrx_word' id='word_1_9' title='bbox 1767 302 1849 345; x_wconf 86' lang='lat' dir='ltr'>sua</span> 
     </span>
     <span class='ocr_line' id='line_1_3' title="bbox 225 366 1850 427; baseline -0.002 -14"><span class='ocrx_word' id='word_1_10' title='bbox 225 368 395 427; x_wconf 89' lang='lat' dir='ltr'>vagina</span> <span class='ocrx_word' id='word_1_11' title='bbox 433 382 579 427; x_wconf 88' lang='lat' dir='ltr'>usque</span> <span class='ocrx_word' id='word_1_12' title='bbox 619 367 678 412; x_wconf 89' lang='lat' dir='ltr'>ad</span> <span class='ocrx_word' id='word_1_13' title='bbox 712 367 880 427; x_wconf 89' lang='lat' dir='ltr'>ipsum,</span> <span class='ocrx_word' id='word_1_14' title='bbox 926 381 1017 427; x_wconf 88' lang='lat' dir='ltr'>quo</span> <span class='ocrx_word' id='word_1_15' title='bbox 1054 368 1280 421; x_wconf 84' lang='lat' dir='ltr'>oriuntur,</span> <span class='ocrx_word' id='word_1_16' title='bbox 1317 367 1466 411; x_wconf 90' lang='lat' dir='ltr'>locum</span> <span class='ocrx_word' id='word_1_17' title='bbox 1503 381 1528 412; x_wconf 88' lang='lat' dir='ltr'>a</span> <span class='ocrx_word' id='word_1_18' title='bbox 1567 380 1722 412; x_wconf 85' lang='lat' dir='ltr'>massa</span> <span class='ocrx_word' id='word_1_19' title='bbox 1755 366 1850 426; x_wconf 85' lang='lat' dir='ltr'>pri-</span> 
     </span>
     <span class='ocr_line' id='line_1_4' title="bbox 224 434 1850 494; baseline -0.001 -13"><span class='ocrx_word' id='word_1_20' title='bbox 224 436 369 481; x_wconf 90' lang='lat' dir='ltr'>maria</span> <span class='ocrx_word' id='word_1_21' title='bbox 402 434 600 493; x_wconf 88' lang='lat' dir='ltr'>disjungi</span> <span class='ocrx_word' id='word_1_22' title='bbox 637 441 819 494; x_wconf 86' lang='lat' dir='ltr'>queunt..</span> <span class='ocrx_word' id='word_1_23' title='bbox 880 434 980 488; x_wconf 86' lang='lat' dir='ltr'>Quo</span> <span class='ocrx_word' id='word_1_24' title='bbox 1016 436 1149 489; x_wconf 85' lang='lat' dir='ltr'>facto,</span> <span class='ocrx_word' id='word_1_25' title='bbox 1184 435 1220 480; x_wconf 86' lang='lat' dir='ltr'>si</span> <span class='ocrx_word' id='word_1_26' title='bbox 1258 440 1399 479; x_wconf 91' lang='lat' dir='ltr'>totum</span> <span class='ocrx_word' id='word_1_27' title='bbox 1431 435 1692 480; x_wconf 85' lang='lat' dir='ltr'>fasciculum</span> <span class='ocrx_word' id='word_1_28' title='bbox 1726 435 1850 479; x_wconf 92' lang='lat' dir='ltr'>solu—</span> 
     </span>
     <span class='ocr_line' id='line_1_5' title="bbox 226 501 1852 562; baseline -0.001 -14"><span class='ocrx_word' id='word_1_29' title='bbox 226 510 318 549; x_wconf 89' lang='lat' dir='ltr'>tum</span> <span class='ocrx_word' id='word_1_30' title='bbox 352 502 642 562; x_wconf 85' lang='lat' dir='ltr'>microscopii</span> <span class='ocrx_word' id='word_1_31' title='bbox 681 516 770 562; x_wconf 90' lang='lat' dir='ltr'>ope</span> <span class='ocrx_word' id='word_1_32' title='bbox 808 502 1195 556; x_wconf 75' lang='lat' dir='ltr'>consideraveris,</span> <span class='ocrx_word' id='word_1_33' title='bbox 1243 502 1288 545; x_wconf 89' lang='lat' dir='ltr'>in</span> <span class='ocrx_word' id='word_1_34' title='bbox 1325 515 1383 546; x_wconf 90' lang='lat' dir='ltr'>eo</span> <span class='ocrx_word' id='word_1_35' title='bbox 1430 501 1615 547; x_wconf 87' lang='lat' dir='ltr'>tubulos</span> <span class='ocrx_word' id='word_1_36' title='bbox 1652 515 1852 547; x_wconf 82' lang='lat' dir='ltr'>nerveos</span> 
     </span>
     <span class='ocr_line' id='line_1_6' title="bbox 224 568 1331 632; baseline -0.004 -16"><span class='ocrx_word' id='word_1_37' title='bbox 224 571 478 632; x_wconf 87' lang='lat' dir='ltr'>primitivos</span> <span class='ocrx_word' id='word_1_38' title='bbox 511 570 806 615; x_wconf 81' lang='lat' dir='ltr'>continuatim</span> <span class='ocrx_word' id='word_1_39' title='bbox 840 576 1081 630; x_wconf 88' lang='lat' dir='ltr'>porrectos</span> <span class='ocrx_word' id='word_1_40' title='bbox 1116 568 1331 629; x_wconf 81' lang='lat' dir='ltr'>reperias.</span> 
     </span>
    </p>

    <p class='ocr_par' dir='ltr' id='par_1_3' title="bbox 225 636 1856 1508">
     <span class='ocr_line' id='line_1_7' title="bbox 358 636 1852 697; baseline -0.001 -15"><span class='ocrx_word' id='word_1_41' title='bbox 358 638 436 683; x_wconf 87' lang='lat' dir='ltr'>Pia</span> <span class='ocrx_word' id='word_1_42' title='bbox 481 643 646 691; x_wconf 86' lang='lat' dir='ltr'>mater,</span> <span class='ocrx_word' id='word_1_43' title='bbox 696 651 815 697; x_wconf 85' lang='lat' dir='ltr'>quae</span> <span class='ocrx_word' id='word_1_44' title='bbox 858 651 941 697; x_wconf 90' lang='lat' dir='ltr'>pro</span> <span class='ocrx_word' id='word_1_45' title='bbox 992 643 1091 682; x_wconf 88' lang='lat' dir='ltr'>rata</span> <span class='ocrx_word' id='word_1_46' title='bbox 1141 642 1271 697; x_wconf 87' lang='lat' dir='ltr'>parte</span> <span class='ocrx_word' id='word_1_47' title='bbox 1315 649 1520 681; x_wconf 82' lang='lat' dir='ltr'>crassam</span> <span class='ocrx_word' id='word_1_48' title='bbox 1560 648 1611 680; x_wconf 84' lang='lat' dir='ltr'>se</span> <span class='ocrx_word' id='word_1_49' title='bbox 1647 636 1852 695; x_wconf 83' lang='lat' dir='ltr'>praebet,</span> 
     </span>
     <span class='ocr_line' id='line_1_8' title="bbox 225 702 1854 765; baseline -0.001 -15"><span class='ocrx_word' id='word_1_50' title='bbox 225 705 285 750; x_wconf 85' lang='lat' dir='ltr'>ob</span> <span class='ocrx_word' id='word_1_51' title='bbox 327 706 500 764; x_wconf 80' lang='lat' dir='ltr'>largam</span> <span class='ocrx_word' id='word_1_52' title='bbox 535 705 753 764; x_wconf 76' lang='lat' dir='ltr'>pigmenti</span> <span class='ocrx_word' id='word_1_53' title='bbox 799 705 978 765; x_wconf 88' lang='lat' dir='ltr'>copiam</span> <span class='ocrx_word' id='word_1_54' title='bbox 1026 705 1204 764; x_wconf 81' lang='lat' dir='ltr'>punctis</span> <span class='ocrx_word' id='word_1_55' title='bbox 1240 704 1382 761; x_wconf 85' lang='lat' dir='ltr'>nigris</span> <span class='ocrx_word' id='word_1_56' title='bbox 1417 702 1655 748; x_wconf 81' lang='lat' dir='ltr'>confertim</span> <span class='ocrx_word' id='word_1_57' title='bbox 1694 704 1854 762; x_wconf 90' lang='lat' dir='ltr'>positis</span> 
     </span>
     <span class='ocr_line' id='line_1_9' title="bbox 225 770 1855 832; baseline -0.001 -14"><span class='ocrx_word' id='word_1_58' title='bbox 225 772 437 818; x_wconf 87' lang='lat' dir='ltr'>distincta</span> <span class='ocrx_word' id='word_1_59' title='bbox 476 773 687 818; x_wconf 82' lang='lat' dir='ltr'>cernitur.</span> <span class='ocrx_word' id='word_1_60' title='bbox 768 773 814 817; x_wconf 90' lang='lat' dir='ltr'>In</span> <span class='ocrx_word' id='word_1_61' title='bbox 861 773 935 832; x_wconf 90' lang='lat' dir='ltr'>pia</span> <span class='ocrx_word' id='word_1_62' title='bbox 971 779 1134 826; x_wconf 86' lang='lat' dir='ltr'>matre,</span> <span class='ocrx_word' id='word_1_63' title='bbox 1183 770 1380 816; x_wconf 90' lang='lat' dir='ltr'>mediam</span> <span class='ocrx_word' id='word_1_64' title='bbox 1423 770 1649 816; x_wconf 88' lang='lat' dir='ltr'>medullae</span> <span class='ocrx_word' id='word_1_65' title='bbox 1691 771 1855 816; x_wconf 90' lang='lat' dir='ltr'>lineam</span> 
     </span>
     <span class='ocr_line' id='line_1_10' title="bbox 227 838 1853 900; baseline -0.002 -15"><span class='ocrx_word' id='word_1_66' title='bbox 227 840 489 900; x_wconf 87' lang='lat' dir='ltr'>sequendo,</span> <span class='ocrx_word' id='word_1_67' title='bbox 544 854 626 900; x_wconf 90' lang='lat' dir='ltr'>per</span> <span class='ocrx_word' id='word_1_68' title='bbox 681 846 819 884; x_wconf 84' lang='lat' dir='ltr'>totam</span> <span class='ocrx_word' id='word_1_69' title='bbox 869 840 968 897; x_wconf 84' lang='lat' dir='ltr'>ejus</span> <span class='ocrx_word' id='word_1_70' title='bbox 1023 839 1349 898; x_wconf 78' lang='lat' dir='ltr'>longitudinem</span> <span class='ocrx_word' id='word_1_71' title='bbox 1402 852 1486 883; x_wconf 72' lang='lat' dir='ltr'>vas</span> <span class='ocrx_word' id='word_1_72' title='bbox 1534 838 1853 896; x_wconf 82' lang='lat' dir='ltr'>sanguiferum,</span> 
     </span>
     <span class='ocr_line' id='line_1_11' title="bbox 226 905 1855 967; baseline -0.002 -14"><span class='ocrx_word' id='word_1_73' title='bbox 226 908 337 953; x_wconf 85' lang='lat' dir='ltr'>satis</span> <span class='ocrx_word' id='word_1_74' title='bbox 373 922 613 965; x_wconf 86' lang='lat' dir='ltr'>magnum,</span> <span class='ocrx_word' id='word_1_75' title='bbox 665 907 789 967; x_wconf 86' lang='lat' dir='ltr'>quod</span> <span class='ocrx_word' id='word_1_76' title='bbox 837 907 1082 952; x_wconf 62' lang='lat' dir='ltr'>verisimile</span> <span class='ocrx_word' id='word_1_77' title='bbox 1127 914 1198 953; x_wconf 88' lang='lat' dir='ltr'>est</span> <span class='ocrx_word' id='word_1_78' title='bbox 1244 921 1327 966; x_wconf 90' lang='lat' dir='ltr'>pro</span> <span class='ocrx_word' id='word_1_79' title='bbox 1376 919 1553 951; x_wconf 73' lang='lat' dir='ltr'>venoso</span> <span class='ocrx_word' id='word_1_80' title='bbox 1593 905 1855 951; x_wconf 87' lang='lat' dir='ltr'>habendum</span> 
     </span>
     <span class='ocr_line' id='line_1_12' title="bbox 225 973 1855 1033; baseline -0.002 -12"><span class='ocrx_word' id='word_1_81' title='bbox 225 989 344 1031; x_wconf 85' lang='lat' dir='ltr'>esse,</span> <span class='ocrx_word' id='word_1_82' title='bbox 371 975 615 1021; x_wconf 87' lang='lat' dir='ltr'>decursum</span> <span class='ocrx_word' id='word_1_83' title='bbox 640 975 729 1019; x_wconf 86' lang='lat' dir='ltr'>init.</span> <span class='ocrx_word' id='word_1_84' title='bbox 784 975 862 1019; x_wconf 88' lang='lat' dir='ltr'>Pia</span> <span class='ocrx_word' id='word_1_85' title='bbox 898 981 1042 1020; x_wconf 87' lang='lat' dir='ltr'>matre</span> <span class='ocrx_word' id='word_1_86' title='bbox 1077 981 1227 1020; x_wconf 84' lang='lat' dir='ltr'>amota</span> <span class='ocrx_word' id='word_1_87' title='bbox 1264 975 1416 1019; x_wconf 84' lang='lat' dir='ltr'>sulcus</span> <span class='ocrx_word' id='word_1_88' title='bbox 1442 973 1671 1033; x_wconf 85' lang='lat' dir='ltr'>posterior</span> <span class='ocrx_word' id='word_1_89' title='bbox 1706 973 1855 1019; x_wconf 89' lang='lat' dir='ltr'>tenuis</span> 
     </span>
     <span class='ocr_line' id='line_1_13' title="bbox 226 1040 1856 1103; baseline -0.002 -14"><span class='ocrx_word' id='word_1_90' title='bbox 226 1043 365 1089; x_wconf 84' lang='lat' dir='ltr'>striae</span> <span class='ocrx_word' id='word_1_91' title='bbox 399 1043 599 1103; x_wconf 86' lang='lat' dir='ltr'>speciem</span> <span class='ocrx_word' id='word_1_92' title='bbox 633 1043 837 1102; x_wconf 82' lang='lat' dir='ltr'>praebet.</span> <span class='ocrx_word' id='word_1_93' title='bbox 907 1044 955 1087; x_wconf 84' lang='lat' dir='ltr'>In</span> <span class='ocrx_word' id='word_1_94' title='bbox 994 1043 1217 1095; x_wconf 84' lang='lat' dir='ltr'>inferiore,</span> <span class='ocrx_word' id='word_1_95' title='bbox 1256 1043 1327 1086; x_wconf 77' lang='lat' dir='ltr'>vel</span> <span class='ocrx_word' id='word_1_96' title='bbox 1363 1041 1593 1086; x_wconf 85' lang='lat' dir='ltr'>anteriore</span> <span class='ocrx_word' id='word_1_97' title='bbox 1631 1040 1856 1087; x_wconf 85' lang='lat' dir='ltr'>medullae</span> 
     </span>
     <span class='ocr_line' id='line_1_14' title="bbox 226 1108 1856 1171; baseline -0.001 -16"><span class='ocrx_word' id='word_1_98' title='bbox 226 1116 355 1171; x_wconf 88' lang='lat' dir='ltr'>parte</span> <span class='ocrx_word' id='word_1_99' title='bbox 402 1125 485 1155; x_wconf 78' lang='lat' dir='ltr'>vas</span> <span class='ocrx_word' id='word_1_100' title='bbox 528 1110 779 1170; x_wconf 82' lang='lat' dir='ltr'>parietibus</span> <span class='ocrx_word' id='word_1_101' title='bbox 824 1110 1131 1155; x_wconf 64' lang='lat' dir='ltr'>crassioril‘ius</span> <span class='ocrx_word' id='word_1_102' title='bbox 1178 1109 1503 1155; x_wconf 86' lang='lat' dir='ltr'>circumdatum</span> <span class='ocrx_word' id='word_1_103' title='bbox 1552 1108 1723 1168; x_wconf 82' lang='lat' dir='ltr'>pariter</span> <span class='ocrx_word' id='word_1_104' title='bbox 1774 1124 1856 1169; x_wconf 88' lang='lat' dir='ltr'>per</span> 
     </span>
     <span class='ocr_line' id='line_1_15' title="bbox 226 1175 1854 1237; baseline -0.001 -15"><span class='ocrx_word' id='word_1_105' title='bbox 226 1184 369 1223; x_wconf 87' lang='lat' dir='ltr'>totam</span> <span class='ocrx_word' id='word_1_106' title='bbox 413 1177 742 1236; x_wconf 86' lang='lat' dir='ltr'>longitudinem</span> <span class='ocrx_word' id='word_1_107' title='bbox 786 1177 901 1222; x_wconf 91' lang='lat' dir='ltr'>illius</span> <span class='ocrx_word' id='word_1_108' title='bbox 948 1184 1209 1237; x_wconf 82' lang='lat' dir='ltr'>porrectum</span> <span class='ocrx_word' id='word_1_109' title='bbox 1256 1177 1501 1231; x_wconf 75' lang='lat' dir='ltr'>invenitur,</span> <span class='ocrx_word' id='word_1_110' title='bbox 1551 1177 1595 1219; x_wconf 86' lang='lat' dir='ltr'>in</span> <span class='ocrx_word' id='word_1_111' title='bbox 1638 1175 1854 1221; x_wconf 86' lang='lat' dir='ltr'>densiora</span> 
     </span>
     <span class='ocr_line' id='line_1_16' title="bbox 226 1243 1854 1306; baseline -0.001 -16"><span class='ocrx_word' id='word_1_112' title='bbox 226 1245 330 1306; x_wconf 88' lang='lat' dir='ltr'>piae</span> <span class='ocrx_word' id='word_1_113' title='bbox 380 1245 538 1290; x_wconf 88' lang='lat' dir='ltr'>matris</span> <span class='ocrx_word' id='word_1_114' title='bbox 588 1251 729 1291; x_wconf 86' lang='lat' dir='ltr'>strata</span> <span class='ocrx_word' id='word_1_115' title='bbox 778 1245 839 1290; x_wconf 83' lang='lat' dir='ltr'>ita</span> <span class='ocrx_word' id='word_1_116' title='bbox 882 1244 1165 1299; x_wconf 75' lang='lat' dir='ltr'>uniuersum,</span> <span class='ocrx_word' id='word_1_117' title='bbox 1220 1251 1267 1290; x_wconf 85' lang='lat' dir='ltr'>ut</span> <span class='ocrx_word' id='word_1_118' title='bbox 1317 1243 1604 1289; x_wconf 78' lang='lat' dir='ltr'>extrinsecus</span> <span class='ocrx_word' id='word_1_119' title='bbox 1653 1244 1854 1304; x_wconf 86' lang='lat' dir='ltr'>conspici</span> 
     </span>
     <span class='ocr_line' id='line_1_17' title="bbox 227 1310 1853 1373; baseline -0.001 -15"><span class='ocrx_word' id='word_1_120' title='bbox 227 1319 434 1373; x_wconf 87' lang='lat' dir='ltr'>nequeat.</span> <span class='ocrx_word' id='word_1_121' title='bbox 503 1313 599 1358; x_wconf 90' lang='lat' dir='ltr'>Hoc</span> <span class='ocrx_word' id='word_1_122' title='bbox 632 1314 754 1367; x_wconf 89' lang='lat' dir='ltr'>loco,</span> <span class='ocrx_word' id='word_1_123' title='bbox 809 1312 845 1357; x_wconf 90' lang='lat' dir='ltr'>si</span> <span class='ocrx_word' id='word_1_124' title='bbox 884 1312 1004 1372; x_wconf 88' lang='lat' dir='ltr'>piam</span> <span class='ocrx_word' id='word_1_125' title='bbox 1048 1319 1240 1357; x_wconf 88' lang='lat' dir='ltr'>matrem</span> <span class='ocrx_word' id='word_1_126' title='bbox 1276 1327 1303 1357; x_wconf 91' lang='lat' dir='ltr'>a</span> <span class='ocrx_word' id='word_1_127' title='bbox 1339 1311 1535 1356; x_wconf 85' lang='lat' dir='ltr'>medulla</span> <span class='ocrx_word' id='word_1_128' title='bbox 1571 1310 1853 1366; x_wconf 78' lang='lat' dir='ltr'>distraxeris,</span> 
     </span>
     <span class='ocr_line' id='line_1_18' title="bbox 227 1378 1854 1439; baseline -0.002 -13"><span class='ocrx_word' id='word_1_129' title='bbox 227 1382 381 1426; x_wconf 88' lang='lat' dir='ltr'>sulcus</span> <span class='ocrx_word' id='word_1_130' title='bbox 419 1380 621 1427; x_wconf 87' lang='lat' dir='ltr'>anterior</span> <span class='ocrx_word' id='word_1_131' title='bbox 653 1379 848 1426; x_wconf 88' lang='lat' dir='ltr'>fissurae</span> <span class='ocrx_word' id='word_1_132' title='bbox 880 1381 998 1425; x_wconf 85' lang='lat' dir='ltr'>lat-ae</span> <span class='ocrx_word' id='word_1_133' title='bbox 1030 1382 1175 1426; x_wconf 77' lang='lat' dir='ltr'>forma</span> <span class='ocrx_word' id='word_1_134' title='bbox 1208 1380 1252 1425; x_wconf 92' lang='lat' dir='ltr'>in</span> <span class='ocrx_word' id='word_1_135' title='bbox 1287 1385 1584 1439; x_wconf 89' lang='lat' dir='ltr'>conspectum</span> <span class='ocrx_word' id='word_1_136' title='bbox 1618 1378 1763 1424; x_wconf 88' lang='lat' dir='ltr'>datur.</span> <span class='ocrx_word' id='word_1_137' title='bbox 1789 1405 1854 1412; x_wconf 91' lang='lat'>—</span> 
     </span>
     <span class='ocr_line' id='line_1_19' title="bbox 228 1446 1750 1508; baseline -0.003 -14"><span class='ocrx_word' id='word_1_138' title='bbox 228 1450 465 1494; x_wconf 85' lang='lat' dir='ltr'>Sulcorum</span> <span class='ocrx_word' id='word_1_139' title='bbox 499 1449 752 1493; x_wconf 87' lang='lat' dir='ltr'>lateralium</span> <span class='ocrx_word' id='word_1_140' title='bbox 783 1448 952 1493; x_wconf 90' lang='lat' dir='ltr'>nullum</span> <span class='ocrx_word' id='word_1_141' title='bbox 987 1448 1273 1508; x_wconf 84' lang='lat' dir='ltr'>deprehendi</span> <span class='ocrx_word' id='word_1_142' title='bbox 1309 1453 1461 1507; x_wconf 84' lang='lat' dir='ltr'>potest</span> <span class='ocrx_word' id='word_1_143' title='bbox 1497 1446 1750 1505; x_wconf 74' lang='lat' dir='ltr'>vestigium.</span> 
     </span>
    </p>

    <p class='ocr_par' dir='ltr' id='par_1_4' title="bbox 226 1513 1856 1712">
     <span class='ocr_line' id='line_1_20' title="bbox 365 1513 1856 1576; baseline -0.002 -15"><span class='ocrx_word' id='word_1_144' title='bbox 365 1514 495 1561; x_wconf 86' lang='lat' dir='ltr'>Acidi</span> <span class='ocrx_word' id='word_1_145' title='bbox 534 1516 750 1561; x_wconf 85' lang='lat' dir='ltr'>cliromici</span> <span class='ocrx_word' id='word_1_146' title='bbox 787 1515 974 1571; x_wconf 89' lang='lat' dir='ltr'>solutio,</span> <span class='ocrx_word' id='word_1_147' title='bbox 1023 1531 1159 1576; x_wconf 88' lang='lat' dir='ltr'>quam</span> <span class='ocrx_word' id='word_1_148' title='bbox 1196 1516 1254 1561; x_wconf 90' lang='lat' dir='ltr'>ad</span> <span class='ocrx_word' id='word_1_149' title='bbox 1293 1521 1567 1575; x_wconf 87' lang='lat' dir='ltr'>praeparata</span> <span class='ocrx_word' id='word_1_150' title='bbox 1602 1513 1856 1559; x_wconf 87' lang='lat' dir='ltr'>induranda</span> 
     </span>
     <span class='ocr_line' id='line_1_21' title="bbox 226 1583 1855 1643; baseline -0.002 -14"><span class='ocrx_word' id='word_1_151' title='bbox 226 1583 570 1637; x_wconf 86' lang='lat' dir='ltr'>adhibebamus,</span> <span class='ocrx_word' id='word_1_152' title='bbox 596 1583 776 1629; x_wconf 88' lang='lat' dir='ltr'>modica</span> <span class='ocrx_word' id='word_1_153' title='bbox 810 1584 1186 1629; x_wconf 87' lang='lat' dir='ltr'>concentratione</span> <span class='ocrx_word' id='word_1_154' title='bbox 1219 1589 1328 1637; x_wconf 85' lang='lat' dir='ltr'>erat,</span> <span class='ocrx_word' id='word_1_155' title='bbox 1367 1583 1534 1643; x_wconf 80' lang='lat' dir='ltr'>quippe</span> <span class='ocrx_word' id='word_1_156' title='bbox 1570 1596 1688 1641; x_wconf 88' lang='lat' dir='ltr'>quae</span> <span class='ocrx_word' id='word_1_157' title='bbox 1714 1583 1855 1627; x_wconf 84' lang='lat' dir='ltr'>ferme</span> 
     </span>
     <span class='ocr_line' id='line_1_22' title="bbox 228 1651 1502 1712; baseline -0.004 -13"><span class='ocrx_word' id='word_1_158' title='bbox 228 1654 256 1699; x_wconf 66' lang='lat'><strong>2</strong></span> <span class='ocrx_word' id='word_1_159' title='bbox 291 1667 356 1712; x_wconf 93' lang='lat' dir='ltr'>pr.</span> <span class='ocrx_word' id='word_1_160' title='bbox 397 1666 433 1696; x_wconf 94' lang='lat' dir='ltr'>c.</span> <span class='ocrx_word' id='word_1_161' title='bbox 478 1651 594 1697; x_wconf 84' lang='lat' dir='ltr'>acidi</span> <span class='ocrx_word' id='word_1_162' title='bbox 642 1652 702 1697; x_wconf 91' lang='lat' dir='ltr'>ad</span> <span class='ocrx_word' id='word_1_163' title='bbox 745 1652 987 1711; x_wconf 67' lang='lat' dir='ltr'>crystallos</span> <span class='ocrx_word' id='word_1_164' title='bbox 1026 1651 1199 1696; x_wconf 87' lang='lat' dir='ltr'>redacti</span> <span class='ocrx_word' id='word_1_165' title='bbox 1236 1651 1502 1696; x_wconf 87' lang='lat' dir='ltr'>contineret.</span> 
     </span>
    </p>

    <p class='ocr_par' dir='ltr' id='par_1_5' title="bbox 226 1717 1857 2045">
     <span class='ocr_line' id='line_1_23' title="bbox 366 1717 1856 1779; baseline -0.001 -15"><span class='ocrx_word' id='word_1_166' title='bbox 366 1719 573 1779; x_wconf 89' lang='lat' dir='ltr'>Denique</span> <span class='ocrx_word' id='word_1_167' title='bbox 600 1720 685 1764; x_wconf 85' lang='lat' dir='ltr'>sub</span> <span class='ocrx_word' id='word_1_168' title='bbox 711 1718 801 1764; x_wconf 89' lang='lat' dir='ltr'>fine</span> <span class='ocrx_word' id='word_1_169' title='bbox 827 1719 1051 1779; x_wconf 88' lang='lat' dir='ltr'>prooemii</span> <span class='ocrx_word' id='word_1_170' title='bbox 1075 1718 1415 1764; x_wconf 86' lang='lat' dir='ltr'>admonendum</span> <span class='ocrx_word' id='word_1_171' title='bbox 1441 1717 1631 1770; x_wconf 86' lang='lat' dir='ltr'>videtur,</span> <span class='ocrx_word' id='word_1_172' title='bbox 1655 1718 1856 1762; x_wconf 84' lang='lat' dir='ltr'>locorum</span> 
     </span>
     <span class='ocr_line' id='line_1_24' title="bbox 226 1785 1857 1847; baseline -0.001 -16"><span class='ocrx_word' id='word_1_173' title='bbox 226 1786 582 1847; x_wconf 85' lang='lat' dir='ltr'>descriptiones,</span> <span class='ocrx_word' id='word_1_174' title='bbox 624 1788 669 1831; x_wconf 86' lang='lat' dir='ltr'>iu</span> <span class='ocrx_word' id='word_1_175' title='bbox 704 1787 792 1831; x_wconf 90' lang='lat' dir='ltr'>hac</span> <span class='ocrx_word' id='word_1_176' title='bbox 827 1788 1210 1832; x_wconf 84' lang='lat' dir='ltr'>commentatione</span> <span class='ocrx_word' id='word_1_177' title='bbox 1244 1785 1526 1846; x_wconf 87' lang='lat' dir='ltr'>propositas,</span> <span class='ocrx_word' id='word_1_178' title='bbox 1560 1785 1720 1845; x_wconf 87' lang='lat' dir='ltr'>quales</span> <span class='ocrx_word' id='word_1_179' title='bbox 1753 1792 1857 1830; x_wconf 87' lang='lat' dir='ltr'>sunt</span> 
     </span>
     <span class='ocr_line' id='line_1_25' title="bbox 226 1852 1854 1915; baseline -0.002 -16"><span class='ocrx_word' id='word_1_180' title='bbox 226 1859 391 1914; x_wconf 84' lang='lat' dir='ltr'>„parte</span> <span class='ocrx_word' id='word_1_181' title='bbox 441 1855 719 1909; x_wconf 72' lang='lat' dir='ltr'>anteriore‘⁴,</span> <span class='ocrx_word' id='word_1_182' title='bbox 769 1861 936 1914; x_wconf 89' lang='lat' dir='ltr'>„parte</span> <span class='ocrx_word' id='word_1_183' title='bbox 990 1855 1276 1915; x_wconf 79' lang='lat' dir='ltr'>superiore“,</span> <span class='ocrx_word' id='word_1_184' title='bbox 1331 1853 1517 1908; x_wconf 86' lang='lat' dir='ltr'>similes,</span> <span class='ocrx_word' id='word_1_185' title='bbox 1572 1867 1755 1912; x_wconf 87' lang='lat' dir='ltr'>semper</span> <span class='ocrx_word' id='word_1_186' title='bbox 1797 1852 1854 1897; x_wconf 87' lang='lat' dir='ltr'>ad</span> 
     </span>
     <span class='ocr_line' id='line_1_26' title="bbox 226 1919 1855 1982; baseline -0.001 -16"><span class='ocrx_word' id='word_1_187' title='bbox 226 1928 423 1967; x_wconf 87' lang='lat' dir='ltr'>erectam</span> <span class='ocrx_word' id='word_1_188' title='bbox 463 1922 688 1967; x_wconf 87' lang='lat' dir='ltr'>medullae</span> <span class='ocrx_word' id='word_1_189' title='bbox 730 1923 915 1982; x_wconf 87' lang='lat' dir='ltr'>spinalis</span> <span class='ocrx_word' id='word_1_190' title='bbox 952 1923 1247 1982; x_wconf 82' lang='lat' dir='ltr'>positionem,</span> <span class='ocrx_word' id='word_1_191' title='bbox 1292 1935 1412 1981; x_wconf 87' lang='lat' dir='ltr'>quae</span> <span class='ocrx_word' id='word_1_192' title='bbox 1457 1921 1502 1965; x_wconf 92' lang='lat' dir='ltr'>in</span> <span class='ocrx_word' id='word_1_193' title='bbox 1534 1919 1730 1965; x_wconf 88' lang='lat' dir='ltr'>medulla</span> <span class='ocrx_word' id='word_1_194' title='bbox 1769 1920 1855 1965; x_wconf 89' lang='lat' dir='ltr'>hu—</span> 
     </span>
     <span class='ocr_line' id='line_1_27' title="bbox 226 1989 939 2045; baseline -0.001 -10"><span class='ocrx_word' id='word_1_195' title='bbox 226 2004 363 2035; x_wconf 88' lang='lat' dir='ltr'>mana</span> <span class='ocrx_word' id='word_1_196' title='bbox 397 1995 478 2045; x_wconf 85' lang='lat' dir='ltr'>est,</span> <span class='ocrx_word' id='word_1_197' title='bbox 517 1989 785 2035; x_wconf 87' lang='lat' dir='ltr'>referendas</span> <span class='ocrx_word' id='word_1_198' title='bbox 821 2003 939 2035; x_wconf 85' lang='lat' dir='ltr'>esse.</span> 
     </span>
    </p>
   </div>
   <div class='ocr_carea' id='block_1_3' title="bbox 917 2127 1177 2133">
    <p class='ocr_par' dir='ltr' id='par_1_6' title="bbox 917 2127 1177 2133">
     <span class='ocr_line' id='line_1_28' title="bbox 917 2127 1177 2133; baseline 0 0"><span class='ocrx_word' id='word_1_199' title='bbox 917 2127 1177 2133; x_wconf 95' lang='lat' dir='ltr'> </span> 
     </span>
    </p>
   </div>
   <div class='ocr_carea' id='block_1_4' title="bbox 310 2273 1754 2486">
    <p class='ocr_par' dir='ltr' id='par_1_7' title="bbox 310 2273 1754 2486">
     <span class='ocr_line' id='line_1_29' title="bbox 868 2273 1214 2368; baseline 0 -20"><span class='ocrx_word' id='word_1_200' title='bbox 868 2273 1104 2368; x_wconf 78' lang='lat' dir='ltr'>caput</span> <span class='ocrx_word' id='word_1_201' title='bbox 1172 2276 1214 2349; x_wconf 79' lang='lat' dir='ltr'>L</span> 
     </span>
     <span class='ocr_line' id='line_1_30' title="bbox 310 2412 1754 2486; baseline 0.002 -18"><span class='ocrx_word' id='word_1_202' title='bbox 310 2413 406 2469; x_wconf 88' lang='lat' dir='ltr'>De</span> <span class='ocrx_word' id='word_1_203' title='bbox 440 2412 729 2468; x_wconf 86' lang='lat' dir='ltr'>medullae</span> <span class='ocrx_word' id='word_1_204' title='bbox 764 2414 1004 2486; x_wconf 83' lang='lat' dir='ltr'>spinalis</span> <span class='ocrx_word' id='word_1_205' title='bbox 1041 2418 1274 2468; x_wconf 83' lang='lat' dir='ltr'>textura</span> <span class='ocrx_word' id='word_1_206' title='bbox 1309 2413 1366 2468; x_wconf 88' lang='lat' dir='ltr'>in</span> <span class='ocrx_word' id='word_1_207' title='bbox 1402 2414 1754 2471; x_wconf 87' lang='lat' dir='ltr'>universum.</span> 
     </span>
    </p>
   </div>
   <div class='ocr_carea' id='block_1_5' title="bbox 228 2536 1854 3004">
    <p class='ocr_par' dir='ltr' id='par_1_8' title="bbox 228 2536 1854 3004">
     <span class='ocr_line' id='line_1_31' title="bbox 361 2536 1854 2598; baseline -0.001 -14"><span class='ocrx_word' id='word_1_208' title='bbox 361 2539 433 2584; x_wconf 77' lang='lat' dir='ltr'>Ex</span> <span class='ocrx_word' id='word_1_209' title='bbox 479 2551 569 2598; x_wconf 85' lang='lat' dir='ltr'>quo</span> <span class='ocrx_word' id='word_1_210' title='bbox 616 2543 821 2597; x_wconf 87' lang='lat' dir='ltr'>tempore</span> <span class='ocrx_word' id='word_1_211' title='bbox 873 2536 931 2582; x_wconf 90' lang='lat' dir='ltr'>ad</span> <span class='ocrx_word' id='word_1_212' title='bbox 968 2551 1062 2591; x_wconf 88' lang='lat' dir='ltr'>res,</span> <span class='ocrx_word' id='word_1_213' title='bbox 1108 2551 1223 2597; x_wconf 88' lang='lat' dir='ltr'>quas</span> <span class='ocrx_word' id='word_1_214' title='bbox 1274 2552 1361 2598; x_wconf 89' lang='lat' dir='ltr'>ope</span> <span class='ocrx_word' id='word_1_215' title='bbox 1405 2537 1693 2597; x_wconf 88' lang='lat' dir='ltr'>microscopii</span> <span class='ocrx_word' id='word_1_216' title='bbox 1740 2552 1854 2583; x_wconf 89' lang='lat' dir='ltr'>con-</span> 
     </span>
     <span class='ocr_line' id='line_1_32' title="bbox 228 2604 1851 2667; baseline -0.001 -16"><span class='ocrx_word' id='word_1_217' title='bbox 228 2607 434 2667; x_wconf 84' lang='lat' dir='ltr'>templari</span> <span class='ocrx_word' id='word_1_218' title='bbox 480 2611 617 2665; x_wconf 90' lang='lat' dir='ltr'>atque</span> <span class='ocrx_word' id='word_1_219' title='bbox 662 2604 917 2663; x_wconf 87' lang='lat' dir='ltr'>disquirere</span> <span class='ocrx_word' id='word_1_220' title='bbox 966 2605 1099 2658; x_wconf 74' lang='lat' dir='ltr'>velis,</span> <span class='ocrx_word' id='word_1_221' title='bbox 1156 2606 1238 2650; x_wconf 89' lang='lat' dir='ltr'>rite</span> <span class='ocrx_word' id='word_1_222' title='bbox 1287 2604 1632 2665; x_wconf 86' lang='lat' dir='ltr'>praeparandas</span> <span class='ocrx_word' id='word_1_223' title='bbox 1674 2605 1851 2650; x_wconf 87' lang='lat' dir='ltr'>acidum</span> 
     </span>
     <span class='ocr_line' id='line_1_33' title="bbox 228 2672 1852 2732; baseline -0.001 -13"><span class='ocrx_word' id='word_1_224' title='bbox 228 2674 506 2720; x_wconf 85' lang='lat' dir='ltr'>chromicum</span> <span class='ocrx_word' id='word_1_225' title='bbox 540 2673 583 2716; x_wconf 91' lang='lat' dir='ltr'>in</span> <span class='ocrx_word' id='word_1_226' title='bbox 622 2687 755 2718; x_wconf 87' lang='lat' dir='ltr'>usum</span> <span class='ocrx_word' id='word_1_227' title='bbox 782 2672 984 2717; x_wconf 68' lang='lat' dir='ltr'>converti</span> <span class='ocrx_word' id='word_1_228' title='bbox 1024 2679 1234 2732; x_wconf 83' lang='lat' dir='ltr'>coeptum</span> <span class='ocrx_word' id='word_1_229' title='bbox 1276 2680 1357 2727; x_wconf 84' lang='lat' dir='ltr'>est,</span> <span class='ocrx_word' id='word_1_230' title='bbox 1396 2673 1509 2717; x_wconf 87' lang='lat' dir='ltr'>telas</span> <span class='ocrx_word' id='word_1_231' title='bbox 1543 2672 1678 2715; x_wconf 86' lang='lat' dir='ltr'>etiam</span> <span class='ocrx_word' id='word_1_232' title='bbox 1707 2672 1852 2731; x_wconf 84' lang='lat' dir='ltr'>magis</span> 
     </span>
     <span class='ocr_line' id='line_1_34' title="bbox 228 2739 1851 2802; baseline -0.001 -16"><span class='ocrx_word' id='word_1_233' title='bbox 228 2742 519 2802; x_wconf 68' lang='lat' dir='ltr'>complicstas,</span> <span class='ocrx_word' id='word_1_234' title='bbox 554 2739 729 2785; x_wconf 86' lang='lat' dir='ltr'>ratione</span> <span class='ocrx_word' id='word_1_235' title='bbox 764 2740 968 2793; x_wconf 87' lang='lat' dir='ltr'>naturali,</span> <span class='ocrx_word' id='word_1_236' title='bbox 1008 2754 1097 2799; x_wconf 85' lang='lat' dir='ltr'>qua</span> <span class='ocrx_word' id='word_1_237' title='bbox 1135 2740 1312 2798; x_wconf 88' lang='lat' dir='ltr'>singula</span> <span class='ocrx_word' id='word_1_238' title='bbox 1345 2740 1567 2784; x_wconf 86' lang='lat' dir='ltr'>elementa</span> <span class='ocrx_word' id='word_1_239' title='bbox 1604 2740 1700 2785; x_wconf 86' lang='lat' dir='ltr'>illas</span> <span class='ocrx_word' id='word_1_240' title='bbox 1739 2754 1851 2785; x_wconf 90' lang='lat' dir='ltr'>con-</span> 
     </span>
     <span class='ocr_line' id='line_1_35' title="bbox 229 2807 1851 2861; baseline -0.002 -7"><span class='ocrx_word' id='word_1_241' title='bbox 229 2809 460 2854; x_wconf 84' lang='lat' dir='ltr'>stituentia</span> <span class='ocrx_word' id='word_1_242' title='bbox 510 2808 626 2852; x_wconf 87' lang='lat' dir='ltr'>inter</span> <span class='ocrx_word' id='word_1_243' title='bbox 668 2822 718 2853; x_wconf 87' lang='lat' dir='ltr'>se</span> <span class='ocrx_word' id='word_1_244' title='bbox 758 2807 1066 2861; x_wconf 83' lang='lat' dir='ltr'>continentur,</span> <span class='ocrx_word' id='word_1_245' title='bbox 1121 2813 1418 2860; x_wconf 81' lang='lat' dir='ltr'>conservata,</span> <span class='ocrx_word' id='word_1_246' title='bbox 1466 2807 1851 2853; x_wconf 81' lang='lat' dir='ltr'>considerantium</span> 
     </span>
     <span class='ocr_line' id='line_1_36' title="bbox 229 2874 1851 2936; baseline -0.001 -14"><span class='ocrx_word' id='word_1_247' title='bbox 229 2875 466 2936; x_wconf 89' lang='lat' dir='ltr'>adspectui</span> <span class='ocrx_word' id='word_1_248' title='bbox 504 2875 752 2934; x_wconf 84' lang='lat' dir='ltr'>subjicere,</span> <span class='ocrx_word' id='word_1_249' title='bbox 795 2875 1087 2935; x_wconf 86' lang='lat' dir='ltr'>majoresque</span> <span class='ocrx_word' id='word_1_250' title='bbox 1120 2874 1376 2935; x_wconf 87' lang='lat' dir='ltr'>portiones,</span> <span class='ocrx_word' id='word_1_251' title='bbox 1414 2875 1709 2920; x_wconf 88' lang='lat' dir='ltr'>continuitate</span> <span class='ocrx_word' id='word_1_252' title='bbox 1740 2889 1851 2920; x_wconf 91' lang='lat' dir='ltr'>nor-</span> 
     </span>
     <span class='ocr_line' id='line_1_37' title="bbox 228 2941 1849 3004; baseline -0.001 -15"><span class='ocrx_word' id='word_1_253' title='bbox 228 2943 333 2990; x_wconf 90' lang='lat' dir='ltr'>mali</span> <span class='ocrx_word' id='word_1_254' title='bbox 383 2943 566 2989; x_wconf 88' lang='lat' dir='ltr'>omnino</span> <span class='ocrx_word' id='word_1_255' title='bbox 608 2943 786 3000; x_wconf 83' lang='lat' dir='ltr'>integra</span> <span class='ocrx_word' id='word_1_256' title='bbox 837 2949 1039 2998; x_wconf 81' lang='lat' dir='ltr'>servata,</span> <span class='ocrx_word' id='word_1_257' title='bbox 1095 2941 1401 3003; x_wconf 87' lang='lat' dir='ltr'>microscopio</span> <span class='ocrx_word' id='word_1_258' title='bbox 1451 2942 1705 2990; x_wconf 87' lang='lat' dir='ltr'>submissas</span> <span class='ocrx_word' id='word_1_259' title='bbox 1743 2956 1849 3004; x_wconf 86' lang='lat' dir='ltr'>per-</span> 
     </span>
    </p>
   </div>
  </div>
 </body>
</html>
