1991 3270
760 237 1094 285 -45-

122 372 267 425 deres,
303 371 370 415 als
406 369 479 414 die
515 368 711 414 vordere
744 370 836 415 und
866 371 1035 416 weisse
1068 372 1462 424 Quercommissur
1492 370 1575 416 der
1607 369 1731 417 Ana-

120 441 312 483 tomen.“
381 436 608 481 Simillima
644 443 757 490 sunt,
793 451 911 496 quae
944 437 1002 482 de
1038 437 1106 482 his
1141 436 1268 483 fibris
1305 437 1615 483 recentissima
1651 453 1732 483 35-

119 511 207 550 1315
238 502 428 561 Stilliny
447 503 529 564 4³)
568 503 769 563 protulit:
807 505 928 557 „Vor
961 504 1043 548 der
1068 518 1242 562 grauen
1268 504 1490 550 Substanz
1518 505 1626 563 liegt
1657 505 1730 550 die

117 571 413 617 commissura
464 570 664 615 anterior
711 571 777 615 als
813 571 884 615 ein
925 572 1106 630 System
1148 571 1424 629 vollstandig
1468 571 1562 616 sich
1594 572 1731 617 111511-

116 638 286 683 zender
318 637 623 682 horizontalcr
648 638 831 691 Fasern,
870 637 942 681 dic
977 652 1058 682 aus
1084 637 1351 696 derjenigen
1377 651 1550 696 grauen
1577 638 1730 683 Masse

114 705 429 765 entspringen,
480 704 656 749 welche
707 705 773 749 als
811 703 1059 748 Mitteltheil
1106 704 1339 750 zwischen
1385 703 1606 750 vorderer
1637 705 1731 751 und

113 771 314 818 hinterer
357 785 524 829 grauer
558 771 710 816 Masse
753 771 1009 815 betrachtet
1060 772 1252 817 werden
1300 771 1431 816 kann.
1511 772 1605 818 Aus
1647 772 1731 817 der

113 838 301 884 rechten
328 837 620 883 Seitenhalfte
655 837 738 882 des
769 837 1135 883 Ruckemnarkes
1162 838 1270 896 geht
1305 840 1406 884 eine
1432 841 1728 886 Fasermasse

112 919 197 950 vor
232 906 320 951 den
361 905 530 949 canalis
567 905 750 964 spinalis
786 904 868 949 her
904 905 945 948 in
981 905 1071 949 den
1108 906 1257 950 linken
1290 907 1493 951 weissen
1524 906 1729 951 Vorder—

114 979 294 1031 strang,
346 987 429 1017 aus
478 971 561 1016 der
609 971 757 1015 linken
803 972 904 1015 eine
952 971 1127 1029 gleiche
1164 973 1208 1016 in
1242 972 1330 1017 den
1367 973 1565 1018 rechten.
1646 974 1728 1018 Die

111 1039 499 1096 Durchkreuzung
545 1037 687 1082 findet
738 1039 818 1082 auf
846 1037 949 1082 dein
981 1037 1138 1082 Boden
1177 1039 1261 1083 der
1294 1040 1491 1085 incisura
1527 1040 1729 1085 anterior

112 1112 258 1151 statt.⁴‘
329 1106 396 1150 Ex
431 1118 521 1164 qua
560 1104 866 1164 descriptione
915 1099 1058 1149 virum
1095 1104 1279 1150 doctum
1323 1112 1368 1149 et
1408 1106 1528 1151 idem
1562 1106 1727 1151 obser-

111 1186 248 1218 vasse
280 1179 325 1218 et
360 1171 522 1217 eodem
555 1171 693 1217 modo
735 1171 1077 1231 interpretatum
1111 1186 1238 1226 esse,
1285 1180 1421 1231 atque
1470 1174 1520 1218 cl.
1562 1173 1726 1216 Blatt-

108 1254 264 1293 mcmn,
301 1239 538 1284 evidenter
573 1244 775 1298 apparet.
848 1239 1055 1283 Ceterum
1093 1253 1250 1293 causa,
1302 1254 1391 1299 qua
1444 1246 1725 1286 scrutatores

109 1307 354 1367 praecipue
385 1306 597 1351 commoti
630 1306 728 1359 sint,
764 1311 812 1350 ut
845 1305 930 1350 1105
962 1305 1202 1350 fasciculos
1249 1320 1329 1365 pro
1378 1305 1504 1352 fibris
1540 1307 1724 1352 nerveis

109 1380 341 1432 putarent,
391 1374 556 1433 quibus
598 1379 810 1432 seperata
841 1372 1063 1417 medullae
1099 1372 1284 1432 spinalis
1334 1373 1516 1418 dimidia
1556 1375 1725 1432 junge-

109 1447 274 1495 rentur,
310 1440 414 1485 inde
450 1440 628 1485 videtur
663 1439 925 1500 repetenda,
963 1439 1087 1499 quod
1119 1440 1454 1486 decussationis
1479 1440 1722 1499 imaginem

109 1508 425 1561 observarunt,
463 1508 707 1567 pluresque
744 1507 961 1551 linearum
1009 1507 1364 1561 decussatarum,
1407 1508 1450 1551 in
1482 1509 1724 1553 funiculum

109 1576 381 1620 anteriorem
430 1574 690 1634 oppositum
740 1574 932 1619 transire
966 1574 1187 1619 viderunt.
1266 1575 1315 1618 In
1355 1580 1451 1619 1010
1494 1574 1721 1621 medullae

108 1641 293 1701 spinalis
329 1642 527 1687 decursu
561 1640 650 1686 hoc
678 1641 780 1685 loco
818 1640 958 1686 1111135
994 1642 1110 1685 111151
1144 1655 1193 1686 50
1226 1640 1473 1695 decussari,
1504 1642 1597 1699 jam
1624 1643 1719 1701 pri—

106 1707 210 1753 dem
242 1708 523 1762 affirmatum,
565 1722 590 1753 a
623 1706 780 1768 paucis
814 1714 997 1762 tantum,
1034 1708 1157 1752 velut
1189 1707 1247 1752 ab
1284 1708 1380 1751 Ed.
1432 1708 1600 1752 Weber
1621 1708 1719 1770 44),

105 1782 320 1834 negatum
353 1778 508 1829 fuerat,
544 1790 681 1834 quum
720 1776 977 1834 nuperrime
1013 1775 1257 1819 Koelliker
1277 1775 1386 1835 45),
1434 1782 1482 1820 ut
1518 1781 1722 1836 systema

106 1856 234 1887 suum
272 1843 330 1888 de
381 1842 596 1887 fibrarum
649 1841 849 1887 radicum
902 1843 1140 1902 spinalium
1189 1842 1232 1885 in
1282 1841 1478 1887 medulla
1523 1842 1721 1888 decursu

104 1910 292 1969 amplius
326 1911 570 1963 excoleret,
607 1910 858 1954 sententiae
891 1909 949 1954 de
981 1908 1198 1953 fibrarum
1236 1908 1557 1954 decussatione
1590 1923 1722 1954 acer—

104 1976 241 2022 rimus
286 1977 503 2022 defensor
533 1976 716 2036 prodiit,
771 1976 890 2020 idem
939 1976 1138 2021 radicum
1184 1974 1325 2020 fibras
1358 1982 1463 2035 post
1498 1976 1721 2022 decussa—

103 2043 271 2088 tionem
335 2045 378 2088 in
447 2044 643 2088 funiculo
711 2043 940 2103 anteriore
1002 2043 1215 2102 opposito
1281 2045 1461 2087 sursum
1523 2043 1721 2088 adscen-

101 2108 213 2155 dere
264 2116 467 2156 testatus.
557 2111 719 2164 Porro,
771 2110 887 2153 inter
943 2109 1168 2154 medullae
1221 2109 1407 2168 spinalis
1450 2116 1607 2170 partes
1652 2111 1721 2155 la-

102 2177 269 2222 terales
304 2178 648 2223 commissuram
691 2190 907 2221 nerveam
946 2183 1142 2230 exstare,
1180 2177 1457 2235 postulatum
1495 2183 1566 2221 est
1601 2172 1721 2237 phy-

104 2243 324 2302 siologiae
361 2251 577 2289 constans
611 2249 747 2302 atque
782 2242 1068 2287 immutabile.
1128 2244 1416 2301 Quapropter
1447 2256 1558 2287 sane
1595 2245 1721 2288 facil-

102 2309 203 2355 lime
239 2311 338 2369 quis
373 2325 430 2355 50
466 2310 610 2371 potuit
646 2309 830 2363 adduci,
864 2316 912 2353 ut
942 2310 1169 2354 cancellos
1201 2310 1301 2353 11105
1338 2310 1574 2366 regulares
1606 2324 1718 2354 con-

102 2376 363 2436 cinnosque,
391 2391 583 2437 quorum
614 2390 714 2421 cum
747 2375 819 2435 pia
851 2382 995 2420 matre
1020 2390 1278 2420 connexum
1304 2375 1548 2432 ignoraret,
1577 2374 1718 2420 fibras

102 2444 429 2488 commissurae
462 2457 567 2488 esse
602 2443 918 2502 suspicaretur.
942 2467 1001 2474 —
1027 2442 1097 2486 Ad
1130 2442 1351 2487 rationem
1389 2441 1511 2500 quod
1547 2442 1716 2496 attinet,

102 2524 218 2569 quae
254 2510 323 2555 his
371 2509 499 2555 fibris
538 2509 793 2554 decussatis
839 2522 938 2553 cum
986 2507 1113 2553 libris
1152 2507 1553 2567 longitudinalibus
1588 2509 1715 2563 albis,

102 2576 343 2622 medullam
370 2576 716 2630 continentibus,
744 2575 1005 2630 intercedat,
1027 2576 1292 2621 doctissimo
1318 2574 1714 2636 Blatcmannw),

102 2643 226 2703 quod
239 2651 530 2704 utrarumque
552 2648 776 2688 structura
790 2641 920 2688 nimis
939 2642 1233 2703 discreparet,
1249 2641 1466 2688 audacius
1483 2648 1555 2687 est
1569 2643 1717 2689 visum

193 2830 260 2873 43)
315 2828 522 2864 Canstatt's
544 2830 792 2863 Jahresbericht
815 2830 869 2862 fiir
895 2829 995 2862 1853.
1046 2839 1121 2868 pag.
1150 2829 1206 2862 80.

192 2887 260 2928 44)
318 2884 516 2932 Ιναρηενέ
539 2890 856 2920 Ηεηᾱινδπῑετυιιοὶι.
905 2891 944 2919 Τ.
968 2891 1030 2921 111.
1081 2896 1156 2925 naz.
1185 2886 1243 2921 21.

194 2944 259 2982 45)
308 2947 331 2977 1.
358 2955 388 2976 c.
419 2946 492 2976 Vol.
515 2948 561 2987 11,
588 2949 679 2983 parte
706 2948 731 2977 1.
789 2952 864 2982 pag·-
897 2942 976 2977 418.

195 2999 260 3045 46)
307 3004 332 3033 1.
359 3011 392 3037 c.
415 3009 493 3043 pag.
517 3000 576 3040 22.

1845 0 1991 124 ‘w‘
