1991 3270
762 168 1094 228 ...39-

128 307 298 349 fuscam
332 300 660 363 periphericam
698 301 868 362 porrigi
915 306 1170 354 cernuntur,
1211 301 1253 344 in
1292 301 1551 346 universum
1590 306 1740 348 tamen

129 384 230 415 raro
266 384 322 414 ea
359 368 552 427 Imagine
591 369 766 426 oblata,
801 368 844 412 in
889 383 977 427 qua
1014 368 1114 427 piae
1158 368 1313 413 matris
1351 368 1515 413 lamina
1549 373 1742 413 externa

126 451 225 482 cum
250 435 532 481 tenuioribus
558 435 639 480 illis
665 434 960 495 processibus
995 435 1236 492 conjuncta
1268 442 1497 495 appareat.
1560 436 1741 489 Verum,

126 503 300 551 etiamsi
348 501 463 547 haec
511 502 767 559 conjunctio
816 501 1029 547 distracta
1080 502 1232 555 suerit,
1294 509 1443 546 tamen
1493 502 1743 562 particulae

125 569 448 624 (lenticula-tae,
499 583 524 614 e
571 568 796 614 medullae
848 568 1102 628 peripheria
1139 569 1472 628 prominentes,
1520 569 1745 614 violenter

125 636 387 682 distractam
413 650 518 681 esse
545 635 754 680 indicant.
781 661 843 667 —
877 635 1049 679 Pariter
1074 648 1226 680 massa
1259 635 1607 681 fundamentalis
1633 650 1744 681 cen-

126 704 250 748 tralis
289 704 331 747 in
359 703 640 749 substantiae
675 701 854 747 albidae
888 703 1020 746 telam
1057 703 1388 759 conjunctivam
1417 702 1745 748 interstitialem

125 769 419 815 continuatim
455 770 625 823 transit,
662 784 753 828 quo
788 768 847 822 sit,
885 775 931 813 ut
966 769 1019 814 iis
1056 768 1097 813 in
1136 769 1257 823 locis,
1298 771 1372 815 ubi
1414 770 1555 816 tubuli
1585 770 1745 830 ,primi-

126 837 202 881 tivi
246 837 320 882 lati
361 843 436 882 aut
480 837 627 882 minus
672 836 908 881 confertim
954 842 1057 881 sunt
1098 837 1253 895 positi,
1307 838 1367 882 uti
1412 837 1597 883 fundum
1634 835 1747 882 sulci

127 905 367 950 anterioris
404 918 587 958 versus,
628 910 721 954 aut,
767 902 811 947 id
843 902 966 962 quod
999 903 1181 962 saepius
1225 903 1405 958 accidit,
1455 906 1499 948 in
1541 903 1744 950 secando

125 986 183 1016 ex
222 978 350 1031 parte
387 971 604 1030 protracti
657 969 839 1022 fuerint,
897 976 992 1013 rete
1037 971 1330 1029 conspicuum
1378 972 1744 1031 continuumque,

126 1053 227 1083 cum
265 1052 417 1085 massa
459 1036 780 1082 fundamentali
823 1035 1106 1081 substantiae
1153 1037 1364 1090 cinereae
1406 1045 1531 1083 arcte
1574 1038 1746 1084 cobae-

127 1120 243 1159 rens,
282 1103 517 1164 adspectui
552 1109 772 1148 occurrat.
793 1129 856 1134 —
881 1103 928 1147 In
956 1118 1066 1148 rana
1092 1119 1229 1163 quum
1254 1111 1494 1150 externum
1519 1104 1746 1151 medullae

126 1172 311 1232 spinalis
366 1170 671 1215 indumentum
732 1170 775 1214 in
831 1169 947 1214 banc
1003 1171 1321 1229 gravissimam
1378 1172 1520 1217 centri
1577 1173 1748 1218 cinerei

126 1245 302 1299 partem
348 1238 542 1284 transire
582 1244 670 1282 tam
709 1242 835 1282 certo
871 1243 1052 1297 tamque
1094 1239 1223 1282 facile
1258 1239 1453 1298 perspici
1490 1240 1658 1299 possit,
1698 1245 1748 1286 ut

126 1305 272 1364 quivis
306 1306 404 1366 ipse
440 1311 724 1363 segmentum
757 1303 1010 1350 induratum
1046 1304 1328 1364 inspiciendo
1364 1305 1408 1351 id
1441 1306 1525 1351 sibi
1552 1321 1746 1367 persua-

126 1372 235 1417 dere
269 1379 416 1432 queat,
455 1386 683 1431 quumque
719 1372 792 1415 lex
827 1372 910 1425 illa,
944 1386 1034 1432 qua
1068 1371 1258 1417 duarum
1296 1373 1482 1418 telarum
1519 1374 1748 1420 continui-

127 1446 196 1485 tas
239 1453 395 1484 earum
444 1439 763 1497 cognationem
810 1440 1088 1496 generalem,
1138 1439 1530 1499 morpbologicam
1574 1441 1747 1487 chemi-

126 1521 340 1567 camque,
381 1506 699 1551 demonstrare
734 1511 924 1565 putatur,
963 1505 1099 1551 bodie
1137 1507 1256 1552 omni
1290 1507 1499 1553 rideatur
1530 1515 1746 1570 exempta

126 1588 230 1619 esse
264 1574 569 1626 dubitatione,
605 1573 697 1630 jam
729 1572 844 1618 haec
878 1574 1011 1618 nobis
1051 1574 1243 1618 offertur
1276 1575 1508 1634 quaestio,
1547 1582 1746 1636 quanto-

127 1656 235 1700 pere
266 1641 385 1686 duae
419 1646 585 1700 partes,
613 1640 873 1685 continuum
909 1640 1023 1695 illud,
1059 1641 1115 1685 de
1151 1656 1241 1701 quo
1276 1642 1434 1700 agitur,
1463 1643 1747 1689 constituen-

124 1714 213 1761 tes,
274 1708 480 1754 nimirum
538 1722 645 1767 pars
703 1708 900 1761 interna,
963 1708 1219 1753 substantia
1281 1708 1482 1764 cinerea,
1545 1725 1746 1771 parsque

124 1780 326 1830 externa,
363 1776 436 1835 pia
468 1781 625 1829 mater,
660 1780 889 1833 tamquam
928 1773 1047 1819 duae
1080 1775 1353 1821 evolutionis
1388 1778 1572 1832 formae,
1607 1792 1746 1824 unum

124 1842 410 1902 eundemque
456 1848 612 1902 typum
659 1848 920 1894 servantes,
974 1842 1088 1886 inter
1132 1857 1180 1887 sc
1228 1842 1396 1888 distent
1435 1849 1571 1904 atque
1608 1843 1747 1892 disse⁴

124 1915 234 1954 rant.
299 1909 368 1954 Ad
412 1908 530 1953 hanc
577 1914 726 1953 autem
764 1908 1078 1967 quaestionem
1116 1904 1225 1953 non*
1251 1911 1419 1969 poterit
1458 1911 1744 1971 responderi,

122 1976 206 2022 nisi
240 1976 589 2021 formationibus
622 1974 905 2034 quibusdam,
952 1976 1068 2020 telae
1105 1977 1422 2034 conjunctivae
1460 1978 1656 2038 propriis
1690 1993 1745 2024 ac

124 2044 451 2103 peculiaribus,
497 2048 622 2087 certo
667 2042 884 2100 cognitis,
931 2044 1100 2102 quippe
1144 2058 1262 2103 qnae
1301 2045 1428 2089 solae
1468 2045 1744 2092 mutationes

122 2110 165 2154 in
201 2111 318 2155 telae
353 2110 669 2167 conjunctivae
703 2109 963 2156 evolutione
1001 2109 1218 2170 deinceps
1267 2111 1467 2157 orientes
1503 2113 1742 2158 manifesto

123 2176 407 2238 dilucideque
443 2189 703 2237 proponere
738 2182 919 2236 queant.

734 2296 790 2335 2.
833 2293 1123 2337 cellulae.

256 2371 314 2419 Cli
344 2373 540 2419 Vimhov
562 2373 642 2433 34)
680 2380 723 2418 et
753 2374 979 2417 Danders
1004 2373 1082 2434 3⁵)
1126 2375 1321 2431 cellulas,
1361 2379 1483 2425 velut
1513 2380 1682 2428 formas
1714 2395 1747 2427 a

124 2442 377 2488 substantia
412 2440 729 2485 intercellulari
762 2447 853 2485 tum
893 2447 1106 2500 respectu
1149 2442 1351 2488 eliemico
1390 2451 1482 2491 tum
1521 2446 1743 2508 morpho-

122 2509 270 2568 logico
297 2508 575 2561 differentes,
610 2507 660 2551 in.
689 2507 970 2559 substantiae
997 2507 1315 2565 conjunctivae
1350 2513 1450 2558 telis
1475 2513 1740 2573 perdurare,

123 2576 250 2636 primi
286 2589 376 2621 uno
408 2573 663 2633 codemque
695 2580 899 2634 tempore
934 2582 1261 2632 cognoverunt,
1289 2577 1396 2623 dun]
1430 2587 1574 2636 antea,
1603 2596 1741 2642 quum

125 2643 405 2689 substantiae
442 2640 756 2698 conjunctivae
794 2641 909 2685 telae
947 2647 1063 2686 statu
1103 2643 1271 2687 recenti
1312 2647 1576 2706 aequabiles
1611 2649 1740 2695 visae

213 2819 276 2860 aa)
323 2823 602 2859 Verliandlungen
628 2824 683 2852 der
707 2817 876 2858 pin-sikai.
906 2818 1022 2851 medic.
1043 2821 1273 2854 Geseuschaft
1299 2822 1339 2855 in
1356 2825 1558 2864 Wi‘imburg.
1585 2829 1662 2861 Vol.
1688 2831 1737 2862 Π.

125 2887 202 2917 pag.
236 2876 313 2910 150.
1351 2922 1380 2933 W

217 2931 279 2974 35)
327 2929 488 2966 Siebold
512 2936 577 2966 und
603 2930 796 2966 Keillilters
823 2931 1028 2965 zeitschrift.
1078 2936 1152 2984 Vol.
1181 2937 1242 2969 111.
1280 2943 1367 2976 pag„
1386 2935 1464 2970 353.
1518 2983 1519 2986 Ἴ

1825 32 1945 108 js7
