1991 3270
762 215 1096 272 -37-

126 354 328 413 Namque
362 353 494 397 telam
530 353 861 411 conjunctivam
898 351 1080 397 omnino
1117 352 1160 396 in
1196 353 1364 398 centris
1408 353 1590 399 nei-veis
1623 367 1735 400 con·-

126 419 362 465 stituendis
398 427 574 478 partem
608 419 794 474 habere,
832 420 907 463 vix
941 420 1179 479 quisquam
1225 427 1313 474 est,
1365 420 1438 479 qui
1474 421 1519 464 in
1554 421 1737 466 dubita-

126 486 291 531 tionem
324 488 569 531 vocaverit.
631 487 730 540 Quo
765 486 901 531 modo
936 487 1065 539 enim,
1099 500 1286 545 quaeso,
1320 487 1409 531 tela
1435 487 1735 545 conjunctiva,

124 566 251 613 quae,
294 553 337 596 in
373 554 609 598 structuris
646 553 873 612 organicis
908 552 1075 612 ubique
1120 553 1276 607 obvia,
1327 554 1425 598 sola
1463 554 1738 612 singularum

123 620 315 680 partium
351 621 654 677 conjunctioni
696 621 904 673 inservit,
957 634 1164 679 quaeque
1206 621 1373 665 formas
1417 622 1738 667 elementarias

122 687 292 746 pariter
325 694 459 746 atque
495 701 668 745 organa
706 688 797 744 jam
834 687 1032 747 perfecta
1068 686 1267 731 continet
1307 693 1444 746 atque
1488 688 1736 743 consociat,

122 753 176 798 iis
215 754 258 797 in
296 754 500 813 partibus
535 754 701 799 deesse
735 754 958 807 credatur,
997 754 1039 797 in
1071 753 1236 812 quibus
1271 755 1495 799 elementa
1532 756 1740 801 innume-

122 820 290 875 rabilia,
329 822 443 864 inter
477 835 527 865 se
563 821 804 880 disparata,
848 821 890 864 in
926 827 1126 881 systema
1161 821 1231 864 vel
1273 821 1468 880 maximo
1505 823 1738 882 complici-

122 893 212 932 tum
247 893 561 945 coagmentata
599 890 735 932 sunt‘?
814 889 958 932 Nemo
998 889 1226 947 profecto,
1276 904 1413 948 quum
1451 888 1591 934 fibras
1625 890 1739 936 latas

122 954 405 999 substantiae
442 955 575 999 albae
608 955 693 998 tela
729 955 831 998 laxa
867 954 1190 1013 pellaeumque,
1228 969 1345 1014 quae
1380 956 1423 999 in
1454 955 1527 1001 fila
1561 956 1739 1002 extrahi

121 1027 320 1080 poterat,
359 1022 584 1080 paululum
622 1020 737 1064 inter
776 1035 826 1065 se
866 1020 1133 1077 conjunctas
1176 1036 1282 1066 esse
1328 1023 1737 1077 animadvertisset,

121 1102 317 1148 unquam
344 1085 574 1141 dubitavit,
606 1087 725 1132 hanc
751 1088 884 1131 telam
914 1102 997 1147 pro
1023 1087 1311 1145 conjunctiva
1337 1103 1442 1134 esse
1467 1089 1738 1136 habendam.

121 1155 329 1200 Attamen
367 1169 653 1214 nequaquam
689 1154 865 1209 desunt,
912 1155 987 1214 qui
1025 1156 1139 1199 intra
1178 1156 1476 1201 substantiam
1511 1157 1740 1203 cineream

121 1236 304 1282 quoque
338 1222 470 1266 telam
504 1222 837 1279 conjunctivam
871 1222 1057 1282 reperiri
1083 1229 1313 1267 censeant.
1376 1223 1448 1267 Sic
1468 1223 1740 1286 Henle29),

121 1303 212 1348 quo
246 1289 347 1333 loco
382 1288 440 1334 de
476 1288 535 1332 fili
574 1289 821 1333 terminalis
859 1296 1084 1335 structura
1123 1289 1325 1344 disserit,
1373 1290 1593 1348 majorem
1628 1292 1741 1338 sub-

122 1356 315 1401 stantiae
361 1362 536 1415 partem
584 1354 711 1401 fibris
759 1356 1025 1414 gelatinosis
1065 1357 1341 1401 consimilem
1382 1372 1488 1403 esse
1535 1357 1738 1414 affirmat,

120 1437 286 1481 magna
333 1429 484 1467 tamen
533 1423 649 1467 telae
693 1423 1008 1480 conjunctivae
1054 1425 1283 1483 perfectae
1330 1425 1462 1484 copia
1500 1424 1616 1470 inter
1658 1440 1740 1473 eas

122 1490 400 1550 interposita.
459 1489 532 1535 Sic
561 1490 840 1533 Blaltmcmn
865 1491 945 1551 30)
975 1497 1155 1551 praeter
1180 1505 1378 1536 massam
1414 1493 1599 1547 fuscam,
1629 1494 1742 1539 sub-

122 1557 564 1616 tilitergranulatam,
595 1571 645 1602 se
672 1559 805 1602 telam
832 1557 1165 1616 conjunctivam
1192 1558 1738 1622 i11venissetestatu1·31).

120 1624 330 1669 Similiter
356 1624 712 1682 Owsjannikoff
727 1623 808 1685 32)
845 1626 887 1670 in
914 1625 1099 1685 piscium
1127 1625 1322 1670 medulla
1348 1626 1505 1686 spinali
1531 1628 1740 1687 proxime

119 1691 412 1737 canaliculum
448 1692 692 1736 centralem
729 1692 1029 1738 substantiam
1053 1692 1280 1752 quandam
1319 1693 1594 1749 observavit,
1623 1695 1740 1740 telae

119 1758 434 1816 conjunctivae
463 1765 554 1803 tam
581 1759 779 1813 similem,
817 1766 863 1805 ut
898 1761 994 1805 sine
1029 1761 1114 1805 ulla
1153 1760 1446 1814 dubitatione,
1475 1761 1593 1806 lianc
1619 1776 1737 1815 esse,

120 1831 350 1871 statueret.
367 1851 434 1858 —-
451 1826 770 1871 Verumtamen
798 1834 1112 1886 argumentum
1139 1827 1335 1872 maxime
1361 1827 1585 1882 idoneum,
1614 1828 1739 1888 quod

118 1892 177 1937 ad
213 1893 483 1938 sententiam
519 1907 665 1937 meam
703 1893 1060 1939 confirmandam
1099 1895 1259 1948 valeat,
1295 1908 1353 1939 ex
1389 1894 1521 1952 hujus
1551 1910 1736 1941 massae

117 1959 239 2005 haud
277 1960 417 2005 dubio
462 1974 673 2005 connexu
721 1975 823 2006 cum
872 1961 1036 2007 talibus
1078 1961 1196 2014 teliS,
1238 1976 1353 2021 quas
1392 1962 1508 2006 telae
1545 1963 1738 2020 conjun-

116 2027 262 2072 ctivae
309 2033 471 2072 natura
519 2027 752 2086 praeditas
796 2043 902 2074 esse
949 2028 1065 2074 inter
1112 2042 1272 2074 omnes
1317 2029 1549 2084 convenit,
1599 2030 1737 2076 veluti

115 2108 216 2139 cum
250 2095 322 2154 pia
358 2100 513 2147 matre,
555 2094 800 2153 petendum
837 2102 918 2141 est.

206 2300 272 2340 29)
319 2305 342 2333 1.
369 2311 398 2333 c.
427 2311 503 2340 pag.
532 2300 611 2333 678.

205 2357 271 2401 30)
322 2362 346 2389 1.
374 2369 404 2389 c.
435 2367 511 2396 pag.
538 2357 595 2391 28.

205 2414 271 2455 31)
321 2416 392 2446 Hocv
431 2418 502 2445 loco
550 2413 629 2445 dicti
677 2417 852 2451 cujusdam
881 2414 921 2447 cli
958 2412 1255 2462 Schlossberqer
1306 2417 1502 2451 mentionem
1546 2419 1733 2453 faciendam

113 2482 189 2503 esse
220 2470 354 2511 judico,
403 2470 434 2502 in
477 2470 583 2508 operis
629 2473 705 2507 ejus
748 2471 912 2503 fasciculo
959 2472 1059 2510 primo
1103 2473 1285 2510 nuperrime
1332 2474 1365 2506 in
1399 2475 1568 2513 publicum
1608 2477 1733 2510 emisso

113 2532 277 2563 (Versuch
319 2527 409 2558 einer
450 2526 671 2564 allgemeinen
709 2530 774 2558 und
814 2528 1089 2566 vergleichenden
1130 2529 1369 2562 Thierchemie.
1428 2535 1596 2570 stuttgart
1628 2532 1730 2567 1854.

113 2595 142 2616 s.
173 2594 209 2615 v.
234 2583 434 2627 ‚‚Nerven“.
481 2592 556 2621 pag.
584 2582 633 2623 3.)
662 2583 799 2615 inventi.
850 2585 899 2616 lbi
920 2585 972 2617 vir
995 2586 1211 2618 doctissimus
1237 2597 1339 2625 grana
1365 2587 1470 2620 libera
1495 2593 1528 2620 et
1549 2589 1731 2627 gelatinam

112 2644 398 2673 extracenularem
427 2639 460 2671 in
489 2640 687 2678 systematis
723 2640 855 2672 nervosi
893 2642 1015 2674 centris
1049 2648 1192 2684 reperta,
1231 2643 1384 2679 quamvis
1409 2644 1503 2676 varia
1535 2653 1732 2684 argumenta

112 2701 240 2736 prolata
274 2697 419 2739 fuerint,
457 2702 494 2728 ut
532 2705 572 2727 ea
608 2702 745 2728 naturae
773 2707 914 2729 nerveae
946 2709 1023 2730 esse
1054 2703 1341 2742 demonstraretur,
1379 2705 1487 2733 tamen
1522 2713 1575 2740 pro
1612 2704 1729 2737 formis

112 2754 246 2793 alienis,
276 2753 385 2791 potius
417 2757 544 2785 telae
573 2754 915 2796 conjunctivae,
949 2755 1100 2792 qualis
1125 2756 1263 2794 primo
1292 2758 1579 2791 evolutionis
1607 2765 1729 2793 statu

113 2810 196 2852 sit,
232 2810 403 2851 cognatis,
435 2813 585 2841 habenda
610 2820 686 2842 esse
712 2810 770 2842 ait.
822 2812 1060 2844 coiumentatio
1086 2817 1178 2844 modo
1209 2813 1297 2844 dicta
1322 2818 1413 2845 tanto
1441 2814 1521 2847 mihi
1546 2817 1729 2854 exoptatius

113 2867 190 2908 fuit,
218 2870 302 2904 quod
328 2866 360 2898 in
388 2876 428 2897 ea
453 2866 591 2904 pn'mum
617 2866 739 2898 diserte
764 2867 963 2900 affirmatum
989 2868 1072 2911 vidi,
1111 2869 1143 2901 in
1165 2870 1288 2901 centris
1310 2870 1442 2902 nei-veis
1467 2873 1647 2910 gelatinaui
1674 2874 1727 2908 in-

112 2925 250 2955 formem
271 2927 424 2963 exstare;
447 2922 480 2954 id
505 2926 590 2960 quod
614 2922 648 2956 in
670 2923 766 2957 libris
791 2924 988 2958 anatomicis
1013 2931 1111 2958 antea
1136 2927 1261 2960 frustra
1290 2926 1531 2965 quaesiveram.

204 2977 268 3022 32)
315 2983 339 3013 1.
366 2989 396 3011 c.
424 2989 499 3018 pag.
525 2978 584 3013 28.
