1936 3281
712 220 1039 265 -45...

68 353 216 400 modis
259 354 400 398 altera
441 352 566 396 alteri
611 352 882 412 implicatae,
929 352 1228 412 cellulaoque7
1278 365 1468 411 quarum
1518 363 1686 409 magna

69 426 220 467 exstat
257 418 505 473 multitudo,
541 432 622 478 per
658 424 799 463 totam
835 419 1075 477 imaginem
1125 419 1295 478 passim
1343 417 1580 478 dispersae
1616 417 1686 461 in-

66 489 320 540 veniuntur,
361 501 417 531 eo
458 486 633 546 planius
668 492 803 545 atque
838 486 1093 531 evidentius
1128 486 1383 531 substantia
1416 484 1687 530 fundamen-

69 556 167 600 talis
202 555 404 599 informis
446 554 530 598 sub
567 552 832 613 adspectum
869 552 999 597 cadit.
1069 553 1197 606 Quae
1236 552 1491 598 substantia
1528 553 1572 595 in
1609 565 1687 596 se-

69 622 265 681 gmentis
293 621 504 667 tenuibus
531 627 717 665 stratum
755 620 997 679 hyalinum⁷
1034 621 1236 677 granulis
1262 619 1459 664 obsitum
1494 632 1689 678 perpar—

68 689 150 743 vis⁷
185 696 386 750 apparet,
421 687 545 747 quod
581 702 716 746 quum
751 687 961 731 omnibus
994 686 1104 731 locis
1140 687 1380 745 imaginem
1412 685 1685 749 undulatam³

71 757 310 801 subtilibus
338 755 457 801 striis
492 755 760 813 insignitam
799 755 1037 813 praebeat,
1080 755 1376 799 membranae
1415 754 1541 812 plicis
1581 766 1688 812 par-

67 823 184 869 vulis
220 823 387 882 uquue
442 823 658 879 trajectae
714 821 910 881 speciem
956 820 1105 866 induit.
1177 822 1335 880 Neque
1372 826 1444 865 est
1487 819 1685 870 dubium,

69 891 176 951 quin
223 889 483 947 corrugatio
521 890 617 948 ipsa
663 903 842 933 massae
894 889 1081 933 intuenti
1137 889 1377 947 imaginem
1425 886 1688 932 undulatam

69 958 246 1002 offerat.
331 958 538 1014 Namque
589 956 659 999 xel
704 956 875 999 leviore
913 955 971 1000 ad
1019 956 1226 1000 laminam
1275 956 1463 1000 vitream
1500 968 1572 999 res
1604 954 1688 998 mi-

69 1025 310 1084 croscopio
347 1023 599 1067 submissas
636 1029 864 1080 tegentem
891 1022 1129 1081 pressione
1164 1023 1377 1075 exhibita7
1415 1022 1486 1065 vel
1525 1021 1688 1066 lamina

70 1093 155 1137 ista
191 1090 417 1150 paululum
456 1090 555 1134 loco
582 1094 726 1141 mota7
781 1103 871 1147 quo
910 1089 1089 1139 accidit,
1143 1096 1187 1135 ut
1225 1095 1545 1149 praeparatum
1577 1088 1687 1133 sub—

64 1159 231 1215 jectum
270 1158 447 1217 paulum
488 1155 719 1209 tendatur,
768 1155 920 1215 speeie
960 1156 1043 1201 ista
1085 1163 1329 1214 corrugata
1365 1162 1686 1209 evanescente,

67 1239 221 1271 massa
256 1225 481 1282 laevigata
517 1224 812 1283 aequabiliter
850 1224 1115 1283 pellucidam
1152 1238 1255 1269 sese
1284 1229 1496 1283 praestat.
1568 1223 1687 1267 Ten-

70 1292 198 1337 sione
242 1292 419 1336 sublata
458 1298 619 1344 autem,
658 1291 806 1335 statim
847 1292 970 1351 prior
1002 1291 1177 1336 indoles
1212 1291 1363 1336 denuo
1400 1290 1684 1335 observatur.

68 1360 137 1406 Ad
162 1365 481 1420 praeparatum
517 1359 689 1412 guttula
716 1358 829 1402 aridi
858 1359 1014 1403 acetici
1050 1357 1248 1414 adjecta,
1293 1358 1434 1402 simile
1471 1356 1687 1417 quiddam

69 1426 453 1472 animadvertitur.
525 1425 702 1470 Etenim
738 1425 1010 1478 substantia,'
1038 1426 1095 1469 de
1132 1441 1219 1485 qua
1254 1440 1371 1469 nunc
1406 1423 1684 1478 disserimus,

70 1502 162 1539 tum
202 1501 470 1552 turgescens
512 1493 554 1537 in
601 1507 795 1538 massam
843 1491 1129 1552 aet‘juabilem
1173 1493 1491 1553 {mutuamque
1538 1497 1688 1536 muta-

70 1558 173 1615 tur;⁴
205 1575 295 1620 quo
331 1562 459 1613 sacto,
497 1566 738 1620 postquam
775 1567 946 1606 tantum
987 1560 1205 1620 temporis
1253 1560 1447 1620 spatium
1483 1559 1686 1618 elapsum

69 1634 163 1683 est,
213 1634 452 1688 quantum,
501 1634 547 1672 ut
581 1627 759 1672 acidum
806 1628 1024 1674 acetieum
1076 1629 1245 1682 avolet,
1300 1626 1482 1680 sufficit,
1534 1626 1687 1686 imago

70 1696 195 1756 prior
246 1709 338 1740 non
379 1701 549 1740 mutata
586 1696 784 1740 recurrit.
869 1697 994 1748 Quae
1040 1710 1194 1741 massa
1244 1701 1469 1740 structura
1510 1707 1686 1747 carens,

69 1761 453 1824 quemadmodum
483 1762 574 1818 jam
612 1762 816 1815 diximus³
855 1764 984 1822 quasi
1024 1778 1105 1823 pro
1139 1762 1273 1808 cubili
1306 1768 1387 1815 cst,
1421 1774 1512 1820 quo
1539 1759 1689 1805 omnia

70 1829 243 1890 reliqua
306 1830 531 1874 elementa
589 1830 888 1874 substantiam
932 1831 1159 1875 cineream
1209 1827 1528 1873 constituentia
1583 1841 1687 1872 sese

70 1898 340 1942 contineant.
422 1896 592 1941 Eadem
639 1898 822 1941 cellulas
868 1898 1134 1955 gangliosas
1186 1910 1378 1955 magnas
1424 1909 1525 1939 cum
1561 1893 1687 1954 ipsa-

70 1979 168 2009 rum
204 1963 511 2024 processibus,
549 1978 712 2023 nempe
746 1964 845 2009 axis
877 1964 1093 2025 cylindris
1126 1964 1279 2017 nudis,
1332 1976 1418 2007 nec
1449 1976 1541 2006 non
1575 1975 1689 2006 vasa

68 2032 302 2092 permulta,
341 2045 460 2091 quae
493 2031 564 2075 liic
600 2031 904 2091 reperiuntur,
943 2032 1088 2076 laxius
1124 2031 1398 2083 circumdat,
1437 2029 1571 2073 veluti
1604 2042 1689 2072 va-

70 2099 175 2157 gina
205 2099 353 2159 ampla
392 2099 701 2158 complectens
739 2104 785 2143 et
819 2099 860 2142 in
896 2113 1096 2145 massam
1144 2098 1342 2144 albidam
1373 2103 1418 2141 et
1451 2109 1596 2155 usque
1630 2095 1689 2141 ad

70 2166 169 2223 ejus
217 2161 520 2225 peripheriam
569 2166 803 2210 comitans.
893 2167 966 2211 Sic
1014 2166 1149 2211 etiam
1196 2166 1240 2210 in
1287 2163 1561 2211 tenuissimis
1613 2176 1689 2207 se-

71 2233 241 2291 gmenti
273 2233 386 2277 locis
420 2232 674 2278 substantia
708 2233 890 2277 cinerea
915 2233 1108 2278 diversis
1142 2234 1313 2278 lacunis
1340 2233 1559 2276 instructa
1585 2244 1687 2274 cer—

70 2300 200 2354 nitur,
238 2313 296 2344 ex
332 2297 498 2359 quibns
533 2305 688 2359 partes
724 2300 872 2345 minus
905 2299 1092 2344 tirmiter
1125 2296 1367 2345 immersae
1403 2298 1447 2342 in
1484 2296 1687 2342 secando

71 2372 305 2411 extractae
338 2368 529 2411 fuerunt.

205 2432 261 2478 At
295 2434 434 2478 multo
472 2432 659 2487 arctius,
703 2432 990 2491 (111a1n’2'cum
1034 2433 1270 2477 elementis
1310 2431 1449 2477 modo
1487 2445 1688 2477 comme-

71 2501 280 2554 moratis,
332 2500 585 2545 substantia
636 2500 986 2545 fundamentalis
1024 2514 1125 2545 cum
1157 2500 1269 2545 alius
1301 2499 1485 2557 generis
1518 2499 1689 2545 cellulis

72 2567 299 2624 cohaeret,
332 2567 391 2613 de
426 2567 591 2628 quibus
623 2566 729 2612 mihi
764 2567 915 2613 statim
949 2567 1119 2613 mentio
1155 2573 1227 2613 est
1255 2565 1509 2625 injicienda.

703 2739 753 2777 c.
804 2723 1066 2779 cellulae.

151 2864 154 2867 -
212 2832 380 2878 Omnes
415 2833 509 2878 fere
541 2838 727 2878 autores
759 2832 805 2877 in
840 2847 889 2879 re
915 2839 1073 2879 nostra
1108 2831 1403 2892 disquirenda
1436 2832 1605 2878 versati
1643 2832 1688 2878 in

75 2912 132 2954 eo
167 2899 480 2954 consentiunt,
526 2905 576 2944 ut
621 2900 849 2945 cineream
892 2900 1120 2947 medullae
1165 2900 1349 2960 spinalis
1386 2899 1687 2946 substantiam

76 2966 122 3012 in
153 2971 250 3013 toto
290 2966 581 3015 animantium
623 2967 992 3017 vertebratorum
1033 2967 1195 3016 ordine
1224 2981 1393 3030 magna
1426 2967 1689 3016 cellularum
